3118 4840
386 249 577 307 IOHANNIS
595 249 842 305 consenum
861 248 1041 304 ANNALMS
1060 250 1096 305 A.
1111 252 1189 306 1216.
1322 253 1356 306 57

239 439 415 502 cesserunt
438 439 474 500 et
493 435 709 500 Placentiam
731 433 944 509 redierunt²‚
968 433 1127 498 videntes
1151 436 1186 497 et
1210 432 1357 497 scientes
1377 438 1455 492 1216.

174 579 175 584 ,
238 527 330 608 quod
360 526 564 609 inceperant
592 528 733 607 propter
763 543 888 605 aquam
911 521 998 584 Padi
1021 522 1065 585 ad
1089 522 1194 585 finem
1217 522 1357 585 minime

240 615 425 698 perducere
448 633 557 697 posse.

345 703 411 766 Die
427 702 599 766 dominico
615 701 780 785 proxim0,
794 699 856 762 Vl.
873 699 953 763 Kal.
969 699 1053 762 Iulii
1069 700 1215 783 proximi
1230 699 1359 763 Medio·
1377 720 1469 762 naso.

203 813 216 852 s
238 792 396 856 lanenses
416 791 544 856 milites
564 793 601 855 et
620 790 755 874 pedites
778 781 975 853 civitatemb
995 788 1185 853 Mediolani
1201 788 1359 853 exierunt

239 881 295 945 die
311 881 409 944 Lune
433 884 469 944 et
492 880 548 944 die
564 878 687 943 Martis
711 879 756 943 ad
779 880 920 962 pontem
945 879 987 941 de
1003 876 1123 941 Ticino
1139 896 1174 941 se
1191 877 1359 941 coaduna·
1378 897 1513 941 raanan.

239 989 328 1045 vere,
365 969 421 1033 die
450 968 615 1033 Mercurii
647 968 686 1031 in
719 966 950 1030 Lumilinam⁰
978 970 1106 1030 terram
1136 966 1359 1049 Papiensiuru
1377 987 1469 1029 ruane.

239 1058 456 1121 inimicorum
480 1077 598 1121 eorum
622 1057 873 1139 equitaverunt,
906 1058 1039 1138 segetes
1063 1058 1099 1120 et
1121 1054 1232 1117 linum
1255 1058 1291 1119 et
1314 1054 1359 1118 le-

239 1147 390 1229 gumina,
427 1166 511 1229 quas
546 1148 582 1210 et
616 1165 682 1228 que
716 1146 933 1220 invenerunt,
970 1147 1006 1208 et
1041 1145 1159 1208 domos
1194 1147 1230 1208 et
1258 1143 1359 1207 villas

195 1260 221 1298 10
239 1236 480 1300 rehedificatas
516 1236 762 1300 destruxerunt
797 1233 847 1297 *et
882 1233 1127 1310 conbuserunt,
1168 1235 1203 1297 et
1237 1232 1288 1295 ita
1321 1232 1360 1294 in
1379 1252 1463 1299 *asra

239 1319 471 1387 Lumilinamd
499 1325 717 1388 destruentes
747 1326 782 1387 et
812 1322 1042 1387 conburentes
1072 1342 1113 1386 ea
1142 1321 1259 1385 omnia
1293 1341 1359 1403 que

238 1413 288 1476 ibi
310 1413 527 1490 invenerunt,
552 1414 726 1476 steterunt
748 1412 784 1474 in
803 1411 878 1494 ipsa
896 1414 990 1475 terra
1005 1431 1112 1493 usque
1129 1411 1218 1474 diem
1236 1409 1359 1472 Martis
1378 1430 1423 1473 ruz.
1431 1429 1451 1472 5.

238 1501 419 1577 venientis,
445 1504 630 1584 antequem
655 1500 748 1564 domi
771 1500 917 1582 regressi
940 1499 1019 1562 sint.

131 1607 221 1657 ‘ro-4³³.
347 1589 554 1653 *McchL
585 1609 702 1653 mense
726 1588 809 1651 Iulii
839 1588 927 1652 obiit
954 1609 1044 1671 papa
1066 1585 1292 1652 Innocentius
1322 1587 1359 1649 in
1378 1599 1490 1655 Iutae

196 1703 221 1746 ιο
240 1678 381 1743 civitate
398 1679 532 1756 Perose,
557 1681 594 1742 et
617 1678 751 1742 levatus
774 1677 844 1739 fuit
867 1697 958 1761 papa
974 1677 1159 1754 Honorius,
1184 1677 1243 1758 qui
1263 1696 1359 1739 voca·

240 1768 344 1832 batur
367 1767 500 1830 Zinzius
525 1767 773 1849 camerlengus.

347 1855 539 1932 MOOXVI,
563 1856 754 1919 indictione
779 1854 869 1931 1111,
894 1855 950 1918 die
974 1855 1145 1918 dominico
1169 1853 1253 1916 XII.
1278 1853 1358 1917 Kal.
1378 1871 1435 1919 Au.
1445 1871 1478 1913 21.

241 1944 474 2027 Septembrisl
488 1945 617 2009 milites
633 1947 669 2009 et
685 1944 817 2027 pedites
835 1944 877 2008 de
889 1946 1038 2025 quatuor
1049 1943 1157 2026 portis
1169 1942 1360 2007 Mediolani

241 2054 318 2097 curn
334 2037 434 2117 parte
450 2035 671 2098 commitatus
687 2053 814 2109 eorum,
829 2031 1064 2096 Vercellenses
1081 2036 1116 2096 et
1132 2031 1164 2095 N
1166 2032 1360 2096 ovarienses

196 2150 222 2189 20
240 2122 368 2187 milites
399 2126 435 2188 et
465 2123 599 2206 pedites
629 2143 708 2186 cnm
737 2121 832 2186 omni
861 2124 965 2204 gente
995 2125 1030 2184 et
1053 2121 1160 2184 fortia
1182 2140 1300 2184 eorum
1324 2123 1359 2184 et

240 2232 319 2274 cum
349 2211 484 2284 caretis,
515 2211 695 2294 manganis
725 2214 761 2274 et
793 2210 960 2292 predariis
984 2212 1019 2273 et
1043 2210 1163 2272 castris
1186 2208 1357 2291 lignorum

241 2302 276 2363 et
307 2300 471 2382 pontibus
501 2301 719 2363 intraverunt
749 2300 785 2360 in
809 2297 1017 2360 Lumilinam
1050 2300 1085 2361 et
1114 2297 1205 2361 cirea
1227 2300 1359 2360 turrem

242 2389 284 2452 de
307 2388 502 2470 Rodobligo
526 2387 788 2452 castramentati
814 2387 922 2462 fuere,
954 2406 1096 2468 eamque
1126 2388 1256 2450 turrem
1281 2406 1359 2449 cum

242 2477 421 2560 manganis
445 2480 481 2541 et
504 2476 671 2560 predariis
689 2475 837 2539 viriliter
860 2478 1155 2558 expugnaverunt.
1195 2475 1260 2538 Die
1279 2494 1359 2538 vero

196 2565 414 2631 indominica
443 2565 610 2648 sequenti,
635 2564 696 2627 VI.
720 2564 800 2627 Kal.
825 2562 1059 2648 Septembris2
1088 2583 1164 2627 eam
1194 2565 1530 2646 ceperunrmasra.

242 2658 277 2718 et
301 2654 508 2730 habuerunt,
522 2707 525 2710 .
539 2655 649 2737 ipsam
680 2673 815 2737 quoque
839 2653 1085 2717 destruxerunt
1108 2655 1144 2716 et
1167 2652 1359 2716 diruerunt.

242 2742 377 2808 Deinde
400 2744 523 2808 semoti
547 2743 639 2807 circa
661 2742 774 2807 locum
800 2743 842 2806 de
864 2741 1054 2804 Sarturana
1077 2761 1139 2805 sua
1161 2741 1265 2805 fixere
1288 2745 1360 2805 ten·

240 2833 344 2909 toria;
363 2853 464 2915 quem
480 2833 595 2896 locum
611 2826 836 2896 obsideruntd
852 2834 888 2895 et
903 2833 1196 2914 expugnaverunt,
1214 2831 1251 2892 in
1263 2830 1360 2894 cuius

241 2921 418 2985 obsidione
449 2924 622 2986 steterunt
652 2941 713 3004 per
742 2920 939 3004 quindecim
969 2920 1042 2984 dies
1072 2923 1108 2984 et
1137 2919 1226 3002 plus.
1274 2918 1361 2982 Cum

196 3036 223 3076 eo
242 3013 358 3074 autem
381 3010 549 3074 vidissent
579 3014 615 3074 et
645 3010 885 3093 cognovissent
914 3009 1046 3072 dictum
1069 3008 1182 3073 locum
1207 3029 1269 3091 per
1291 3007 1361 3071 vim

243 3099 362 3163 haberi
385 3099 526 3162 minime
549 3118 657 3181 posse,
683 3098 726 3162 ab
746 3098 842 3160 illius
857 3097 926 3161 loci
942 3096 1119 3161 obsidione
1136 3098 1360 3161 secesserunt.

349 3186 542 3251 MOCXVI.
556 3186 638 3249 VII.
654 3186 733 3250 Kal.
746 3185 958 3270 Septembris
971 3184 1217 3250 Cremonenses
1233 3184 1361 3248 milites
1381 3201 1436 3250 Aua.
1447 3201 1481 3243 2⁶.

243 3278 279 3339 et
313 3276 447 3358 pedites
482 3296 561 3340 cum
595 3275 690 3339 omni
723 3280 827 3356 gente
863 3277 899 3338 et
928 3273 1038 3337 forcia
1068 3293 1186 3338 eorum
1217 3275 1253 3337 et
1283 3293 1362 3336 cum

244 3363 380 3428 eariolis
411 3365 577 3428 desubtus
608 3384 628 3427 a
656 3362 892 3426 Castro-novo
922 3362 960 3424 in
990 3361 1160 3425 Sarmuris
1194 3361 1362 3443 hospitati

198 3479 224 3520 a
242 3452 397 3516 fuerunt.
442 3452 564 3517 Altera
587 3473 667 3517 vero
699 3453 754 3516 die
777 3451 983 3515 Parmexani
1012 3449 1140 3513 milites
1169 3453 1204 3515 et
1228 3449 1362 3533 pedites
1381 3467 1479 3515 Aurei.

244 3563 322 3606 cum
351 3541 487 3605 cariolis
518 3546 554 3605 et
584 3562 663 3605 cum
693 3542 786 3604 omni
813 3543 918 3622 gente
942 3560 1061 3604 eorum
1089 3542 1125 3603 et
1147 3538 1362 3603 Mutinenses

245 3630 295 3694 *et
318 3630 511 3707 Mantuani,
543 3630 602 3713 qui
631 3630 668 3692 in
698 3649 817 3694 eorum
839 3631 1007 3693 venerant
1036 3648 1210 3703 succursu,
1242 3648 1282 3692 ea
1306 3628 1362 3692 die
1381 3651 1468 3702 *asra

243 3719 281 3782 in
318 3721 394 3804 ipsa
431 3719 649 3784 intraverunt
687 3717 917 3801 expeditione.
975 3717 1041 3781 Die
1075 3737 1155 3781 vero
1190 3717 1363 3780 dominica

243 3893 267 3946 a)
285 3894 367 3933 emend.
388 3894 464 3943 Pena·
484 3893 617 3942 placentinis
637 3889 785 3933 reddiderunt
802 3903 835 3939 c.,·
852 3891 880 3937 cs.
893 3901 963 3941 cipro
976 3903 1002 3940 p.
1017 3889 1051 3939 52,
1070 3891 1131 3934 110.
1197 3889 1221 3941 1))
1239 3891 1364 3939 emendam

199 3951 227 3989 40
244 3947 343 3987 ciuitatis
357 3959 386 3998 c.;
407 3948 436 3995 cf.
447 3948 515 3996 nto,
530 3947 587 3990 itt.
641 3948 662 3994 c)
676 3947 807 3986 lumlnlnam
822 3946 844 3988 h.
858 3945 873 3989 l.
886 3955 904 3988 e.
958 3941 982 3996 d)
995 3945 1026 3983 sic
1039 3956 1057 3988 c.

246 4091 273 4156 1)
291 4089 343 4142 Die
353 4091 424 4156 Any.
437 4093 480 4144 23.
494 4089 703 4142 Medrbtmenser
718 4090 843 4142 Ticinum
860 4091 973 4154 flurium
991 4091 1132 4141 transiisse
1143 4088 1266 4151 referunt
1278 4087 1365 4138 Notae

247 4160 275 4214 S.
295 4161 405 4227 Georgii
422 4161 526 4215 Medrbl.
547 4162 564 4216 l.
584 4161 600 4216 l.
691 4162 719 4229 2)
739 4161 809 4228 Any.
822 4162 866 4215 27.
886 4162 940 4225 fuit
958 4177 984 4215 a.
999 4162 1076 4216 1215.
1096 4159 1242 4212 sabbatum.
1279 4158 1364 4222 Infra

242 4247 271 4296 1).
285 4233 328 4295 58,
348 4232 365 4285 l.
380 4235 403 4287 1.
423 4232 486 4285 aaa
503 4233 559 4284 dies
577 4232 710 4284 dorniaica
727 4239 794 4285 recte
815 4233 844 4291 V,
864 4233 928 4288 Kal.
948 4232 1017 4300 Sept.
1036 4233 1121 4296 fuisse
1138 4230 1246 4284 dicitur.
