3112 4856
288 270 478 326 IOHANNIS
498 270 746 327 GODAGNELLI
764 272 945 327 ANNALES
963 274 1000 332 A.
1015 278 1092 330 1226.
1107 278 1185 331 1227.
1270 279 1306 333 85

66 483 69 487 ·
181 475 277 519 roces
306 456 343 518 in
374 476 574 520 succursum
597 457 729 539 pariter
753 460 789 520 et
813 456 1004 520 subsidium
1028 456 1305 522 Christianorum

181 544 276 607 ultra
299 565 392 609 mare
416 545 639 610 existentium
663 566 725 629 pro
749 545 855 609 Terra
871 545 999 609 Sancta
1022 548 1246 611 manutenere
1269 550 1305 612 et

76 687 79 696 .
101 682 112 707 ,
182 654 203 696 a
219 636 337 697 sancte
354 635 464 697 crucis
479 633 628 698 inimicis
645 633 857 698 defenderel
880 635 1051 717 proficisci
1069 639 1304 717 procurarent.

183 720 283 806 Quod
307 742 440 786 summo
464 722 622 806 pontifici
646 727 682 787 et
705 723 866 788 universe
890 723 964 787 eius
988 723 1082 787 curie
1112 723 1246 807 placuit
1269 727 1305 789 et

38 822 41 829 '
142 811 311 874 siustum
336 814 371 876 et
395 812 602 899 conveniens
625 831 698 876 esse
721 812 869 875 videtur.
917 810 985 890 Qui
1017 813 1135 875 statim
1163 813 1304 878 nuntios

182 920 261 963 suos
284 901 329 963 ad
353 901 595 985 imperatorem
618 901 722 977 misit,
747 900 847 963 utin
871 900 1043 983 colloquio
1067 922 1152 966 cum,
1169 922 1210 966 eo
1227 923 1304 966 con·

73 989 79 1000 ’
182 989 298 1053 venire
333 990 485 1055 deberet.
543 988 630 1053 Oum
665 993 782 1053 autem
816 990 869 1051 in·
889 988 1061 1072 colloquio
1076 1026 1079 1038 ·
1094 990 1302 1064 intrarent²,

59 1127 61 1132 .
182 1077 280 1142 dedit
309 1077 342 1141 ei
371 1079 408 1140 in
439 1078 612 1141 mandatis
636 1083 788 1141 'summus
812 1078 980 1161 pontifex,
1011 1082 1052 1141 ut
1079 1078 1221 1143 deberet
1243 1100 1302 1163 po-

74 1183 78 1188 ·
182 1169 296 1230 tentes
332 1169 367 1230 ct
396 1168 529 1232 feroces
561 1168 651 1231 viros
681 1167 817 1250 imperii
847 1167 962 1232 facere
993 1187 1175 1251 preparare
1199 1170 1234 1232 et
1258 1169 1302 1232 ad

59 1317 62 1324 ,
135 1269 163 1336 ro
182 1276 279 1318 suam
303 1257 512 1339 presentiam
536 1255 624 1320 *sine
647 1256 752 1339 longa
776 1255 944 1320 dilatione
968 1257 1141 1332 accedere,
1173 1257 1302 1340 profec-
1322 1280 1410 1327 *resa

40 1362 43 1372 ·
71 1357 94 1388 ‚·
181 1337 272 1407 tdrih
293 1345 329 1408 in
346 1344 512 1408 auxilium
530 1343 805 1408 Christianorum
817 1346 838 1405 ².
871 1345 1039 1409 Similiter
1053 1346 1157 1409 tactis
1174 1346 1302 1410 sanctis

1322 1416 1401 1469 1225.

25 1465 30 1480 ·
108 1451 110 1456 ·
182 1434 370 1517 evangeliis
394 1434 436 1498 ab
460 1434 669 1517 imperatore
679 1434 700 1505 ³,
730 1434 919 1497 terminum
949 1435 981 1497 ei
1008 1435 1133 1497 statuit
1156 1437 1192 1498 et
1215 1434 1302 1498 ordi·
1320 1485 1387 1535 (M,

79 1607 81 1610 .
181 1516 288 1599 na'vit,
313 1523 534 1606 precipiendo
559 1523 591 1586 ei
614 1522 678 1586 sub
702 1522 839 1586 vinculo
855 1523 1041 1586 iuramenti
1057 1525 1093 1585 et
1112 1542 1302 1586 excommu-

182 1611 376 1687 nicationis,
411 1615 450 1674 ut
481 1612 525 1675 ad
553 1611 741 1676 terminum
771 1613 942 1674 statutum
973 1632 1051 1675 cum
1081 1612 1174 1675 omni
1198 1615 1302 1696 gente

28 1746 30 1750 -
135 1722 162 1761 rs
181 1721 284 1783 quam
326 1701 453 1765 habere
492 1701 672 1783 potuerit⁰
718 1703 929 1764 transmeare
971 1699 1107 1764 debeat.
1168 1700 1302 1766 Iterum

182 1810 334 1853 summus
364 1790 523 1873 pontifex
545 1789 687 1852 nuntios
718 1809 796 1852 suos
827 1808 888 1872 per
910 1789 1088 1853 universas
1111 1789 1302 1872 provintias

182 1878 307 1942 direxit
342 1879 423 1942 viris
451 1878 617 1952 ‚omnibus
652 1876 883 1961 prudentibus
914 1880 950 1941 et
980 1877 1230 1960 potentissimis
1260 1899 1302 1943 ex

163 1971 279 2051 ¹parte
309 1967 376 2032 Dei
411 1967 640 2052 precipientes
675 1970 711 2031 et
744 1967 781 2029 in
814 1967 1048 2031 remissionem
1080 1971 1299 2050 peccatorum

181 2077 298 2120 eorum
324 2057 560 2141 ,iniungentes
591 2060 633 2120 ut
661 2056 699 2118 in
729 2075 928 2120 succursum
953 2055 1078 2120 Sancte
1101 2055 1205 2120 Terre
1228 2075 1301 2139 per-

132 2166 163 2205 ao
180 2147 260 2226 gere
283 2145 501 2210 festinarent.
537 2144 692 2227 Cumque
716 2146 780 2209 hec
803 2148 883 2209 acta
905 2145 1064 2219 fuissent,
1088 2145 1124 2207 in
1145 2145 1302 2228 predicta

179 2235 427 2310 incarnatione,
459 2235 515 2299 die
544 2233 635 2297 Iovis
659 2233 784 2296 XIIII.
808 2229 887 2296 Kal.
911 2233 1064 2316 Aprilis4
1094 2233 1181 2297 obiit
1211 2254 1302 2317 papa

180 2323 366 2400 Honorius,
398 2325 434 2386 et
461 2322 596 2386 levatus
618 2322 688 2384 fuit
711 2343 800 2405 papa
824 2319 1019 2403 Gregorius.
1067 2321 1197 2385 llodem
1220 2342 1301 2385 vero

180 2413 335 2493 tempore
366 2409 614 2475 MOGXXVII.
651 2412 693 2474 de
724 2430 840 2474 mense
871 2409 989 2484 Madii,
1026 2409 1119 2472 Iunii
1151 2412 1187 2474 et
1216 2410 1301 2473 Iulii
1320 2435 1464 2478 uara-ruz.

180 2499 442 2564 innumerabilis
477 2499 666 2563 multitudo
701 2499 851 2562 virorum
885 2499 1109 2581 prudentium
1140 2501 1176 2562 et
1206 2498 1300 2562 belli·

132 2610 161 2649 ss
181 2608 299 2651 corum
322 2589 474 2652 omnium
498 2589 677 2672 regionum
702 2590 738 2652 et
762 2587 1021 2670 provintiarum,
1046 2587 1180 2651 scilicet
1194 2587 1301 2651 Theo·

178 2677 409 2751 thoricorum,
427 2677 634 2753 Biemorum,
653 2676 884 2750 Brienzorum,
902 2670 1090 2739 Sacrorum<1
1106 2678 1141 2740 et
1152 2676 1299 2740 aliorum

178 2766 216 2828 in
246 2766 511 2850 septentrionali
539 2767 643 2850 plaga
666 2765 901 2829 habitantium
911 2763 932 2841 ⁵,
965 2765 1200 2847 anglicorum,
1229 2765 1298 2828 Fri·

178 2876 309 2932 xorum,
327 2856 547 2932 Francorum,
564 2853 840 2931 Provintialium,
853 2854 1084 2937 Yspaniorum
1102 2857 1137 2918 et
1153 2854 1298 2918 aliarum

178 2945 359 3027 regionum
393 2946 430 3007 in
465 2946 623 3010 extremis
658 2943 814 3028 partibus
845 2942 937 3007 orbis
971 2943 1202 3020 existentium,
1238 2964 1300 3027 per

130 3055 161 3094 ao
179 3033 394 3098 Placentiam
426 3037 462 3098 et
484 3034 656 3098 Veronam
686 3034 731 3096 ad
762 3032 893 3096 domini
923 3032 1140 3116 imperatoris
1167 3033 1299 3097 curiam

180 3123 242 3186 de⁰
279 3143 394 3187 mense
418 3123 537 3199 Madii,
574 3122 669 3185 Iunii
699 3125 734 3186 et
766 3120 850 3184 Iulii
873 3125 1089 3204 perexerunt,
1121 3124 1298 3205 sperantes

180 3214 215 3274 et
244 3211 484 3275 indubitanter
512 3211 691 3276 credentes
718 3210 914 3284 transitum,
945 3210 1035 3273 sicut
1065 3231 1198 3274 summo
1225 3230 1298 3293 pro·

176 3299 341 3364 miserat6
364 3299 530 3383 pontifici,
556 3300 637 3362 dare
661 3298 795 3362 debere.
839 3296 907 3376 Qui
929 3297 965 3358 in
990 3298 1147 3380 partibus
1171 3297 1298 3380 Apulis

1322 2215 1399 2268 1227.

1321 2284 1388 2326 Mart.
1398 2285 1430 2326 18.

179 3525 201 3576 a)
214 3527 346 3574 lustrarent,
361 3529 479 3574 sexpunet,
489 3537 506 3568 e.
547 3523 570 3575 h)
584 3525 728 3573 interpretare
742 3524 888 3572 profecturos.
904 3523 976 3560 stmlll
990 3523 1053 3561 modo
1067 3523 1192 3571 saepissime
1200 3523 1298 3571 Godana.

131 3579 160 3619 bb
178 3580 275 3628 arripuit..
325 3579 346 3629 c)
360 3579 440 3628 potuoi·
453 3590 471 3621 e.
512 3576 535 3627 d)
549 3579 631 3618 emend.
645 3578 721 3624 Perte;
735 3576 848 3615 sclxorum
862 3587 879 3618 e.
919 3574 1148 3626 c)de-1ullllam
1161 3587 1230 3624 cupra
1244 3576 1300 3618 aaa.

179 3759 205 3824 1)
224 3758 326 3809 Eadem
343 3758 423 3810 rerba
440 3758 499 3808 vr'de
515 3772 602 3824 cupra
617 3772 646 3822 p.
660 3757 704 3811 68.
782 3754 810 3823 2)
837 3753 934 3806 Omnia
948 3755 1134 3821 praecedentia
1151 3769 1298 3806 remonon

178 3829 245 3881 aazia
267 3831 365 3882 inania
390 3845 443 3881 ease
466 3834 609 3880 cornmenta
635 3825 795 3892 Codapnellr',
822 3826 871 3892 qui
893 3827 1029 3877 moverit
1047 3825 1217 3876 Freders'cum
1243 3827 1300 3877 eam

177 3917 204 3954 a.
218 3902 296 3955 1215.
315 3903 413 3953 noento
432 3900 584 3952 Innocentio
596 3898 651 3953 III.
670 3901 777 3965 sponte,
802 3895 949 3964 ignorante
973 3894 1036 3948 sede
1063 3895 1222 3963 apostolica,
1247 3898 1300 3947 iter

177 3986 285 4022 eaerum
303 3972 408 4026 accim.
463 3973 491 4038 3)
512 3969 595 4037 Apud
607 3970 634 4023 S.
649 3970 815 4021 Germanum
831 3970 980 4033 imperator
997 3969 1099 4019 iuravit
1113 3967 1300 4034 praesentibus

133 4057 160 4094 ao
178 4043 372 4110 cardinalibus,
391 4058 446 4094 aon
459 4058 546 4110 papa,
565 4057 592 4094 se
610 4057 635 4094 a.
650 4042 728 4096 1227.
748 4040 818 4104 Aac.
838 4045 917 4090 trans
934 4054 1010 4091 mare
1023 4039 1220 4106 profeetmnem,
1240 4038 1298 4092 LL.

179 4113 266 4168 Cenat
279 4114 319 4178 ΙΙ,
334 4133 363 4182 p.
379 4116 430 4169 129
442 4130 489 4181 eq,
509 4114 628 4178 nr.102,
652 4127 712 4162 eum
730 4126 807 4178 papa
829 4126 855 4164 a.
869 4111 947 4164 1222.
961 4111 1030 4177 Apr.
1047 4110 1163 4162 Verulae
1180 4114 1203 4160 et
1220 4111 1298 4165 1223.

178 4185 262 4238 Mart.
280 4185 422 4237 Ferentini
431 4186 464 4236 de
480 4187 575 4236 itinere
592 4198 669 4235 sacro
680 4183 824 4234 collocutus
834 4187 880 4234 eat.
934 4182 962 4248 4)
980 4181 1022 4245 Of.
1035 4196 1122 4249 supra
1138 4197 1165 4248 p.
1178 4183 1222 4244 84,
1234 4198 1261 4235 n.
1272 4183 1299 4235 2.

178 4257 206 4321 5)
223 4256 266 4320 Cf.
284 4272 371 4324 supra
387 4274 414 4324 p.
426 4258 452 4310 8.
466 4257 497 4323 93
518 4256 561 4309 (Ν.
580 4253 690 4307 Arena
709 4253 790 4318 XVI,
807 4269 834 4320 p.
846 4253 907 4307 264.
981 4253 1010 4321 6)
1028 4253 1090 4304 aaz.
1108 4253 1263 4320 imperator.
