3112 4856
375 291 564 348 IOHANNIS
584 291 830 347 OODAGNELLI
850 293 1029 348 ANNALns
1048 295 1084 350 A.
1100 297 1177 350 1231.
1294 296 1347 352 105

220 481 258 542 et
287 477 364 541 loca
394 480 430 541 et
460 479 574 540 castra
604 477 822 559 subiuganda
845 481 881 542 et
905 478 1150 562 depopulanda
1174 478 1445 561 aripuere.1231.

221 566 288 630 Die
321 587 402 630 vero
429 566 573 630 Veneris
609 566 755 648 proximi
790 568 964 650 sequentis
1003 567 1131 631 milites
1166 567 1344 632 Placentie
1366 589 1465 630 nanee.

221 676 364 720 numero
388 655 452 718 LX
483 655 645 719 decenter
676 655 789 734 armis,
826 657 932 738 equis,
966 657 1161 741 temptoriis
1197 659 1232 720 et
1267 655 1344 720 aliis

221 745 324 809 rebus
353 744 553 808 necessariis
583 745 760 828 preparati
790 765 867 808 cum
904 749 1043 809 centum
1075 745 1269 810 balestariis
1300 745 1345 808 ad

183 853 199 892 ὅ
222 833 412 898 communis
424 832 603 897 Placentie
615 853 782 917 expensas
800 833 851 896 *in
866 834 1020 898 subsidio
1032 834 1344 899 Mediolaneneium
1365 855 1396 904 u.
1406 857 1464 900 101⁰.

221 925 438 1007 perexerunt.
475 922 540 985 Die
554 922 678 986 Martis
690 922 751 986 VI.
767 922 846 986 Kal.
860 923 955 987 Iunii
971 925 1141 988 exercitus
1154 923 1344 988 Mediolani
1364 946 1464 989 narrar.

222 1032 298 1075 oum
315 1010 554 1075 Vercellarum
577 1011 747 1075 militibus
778 1015 815 1076 et
837 1012 1014 1096 peditibus
1042 1016 1078 1076 et
1102 1033 1179 1076 cum
1204 1016 1344 1076 centum

221 1100 390 1164 militibus
402 1100 434 1163 N
437 1101 552 1164 ovarie
569 1103 604 1164 et
620 1101 725 1165 turba
741 1121 867 1184 magna
883 1102 1041 1184 peditum
1057 1105 1093 1165 et
1109 1123 1187 1164 cum
1203 1104 1343 1165 centum

221 1188 389 1253 militibus
406 1189 523 1254 Brixis
547 1193 583 1254 et
607 1193 746 1254 centum
770 1190 940 1254 militibus
956 1190 1166 1254 Alexandrie
1191 1189 1343 1254 etmille

176 1298 202 1336 10
220 1278 396 1362 peditibus
421 1282 457 1342 et
480 1279 558 1342 aliis
582 1278 787 1362 quibusdam
812 1301 930 1344 corum
947 1280 1066 1343 amicis
1085 1279 1176 1343 circa
1192 1282 1343 1343 castrum

221 1368 264 1431 de
286 1365 444 1431 Olavasio
468 1389 530 1430 sua
552 1372 745 1452 posuerunt
766 1369 920 1432 tentoria
929 1368 950 1445 ¹,
975 1368 1064 1432 illud
1087 1369 1241 1451 undique
1265 1388 1344 1432 cum

220 1457 411 1537 manganis,
443 1457 620 1540 predariis‚
652 1458 770 1540 gattis,
803 1458 982 1522 trabuchis
1014 1462 1049 1522 et
1073 1457 1150 1521 aliis
1174 1457 1343 1520 machinis

220 1544 368 1609 viriliter
392 1548 645 1629 expugnantes;
676 1546 768 1628 quod
793 1551 944 1610 castrum
966 1547 1069 1610 fossis
1093 1549 1129 1610 et
1152 1547 1267 1630 spadis
1291 1547 1343 1609 fir-

221 1633 381 1697 missimis
417 1628 503 1698 erat¹
526 1634 679 1716 undique
717 1636 890 1698 munitum
929 1637 1060 1720 pariter
1094 1639 1130 1699 et
1164 1634 1343 1698 vallatum.

175 1741 202 1782 15
220 1723 353 1787 Revera
377 1725 527 1787 castrum
552 1722 641 1786 illud
661 1727 775 1807 potest
795 1725 950 1808 appelari
966 1724 1163 1788 Olavasium
1179 1745 1221 1788 ex
1236 1723 1342 1788 clave.

221 1813 284 1876 Est
308 1813 413 1876 clavis
437 1813 481 1875 ad
505 1816 621 1897 partes
645 1813 787 1876 Taurini
810 1813 1007 1878 volentibus
1031 1815 1203 1890 accedere,
1238 1812 1344 1876 simili

221 1902 322 1965 modo
354 1903 399 1966 ad
428 1906 545 1986 partes
568 1902 805 1966 Vercellarum
835 1903 1065 1967 venientibus.
1115 1903 1199 1967 Oum
1225 1905 1343 1965 autem

220 1992 254 2053 in
281 1991 460 2055 obsidione
482 1991 591 2075 ipsius
608 1992 712 2055 castri
729 1996 980 2076 permanerent,
1005 1992 1234 2076 percipientes
1250 1991 1342 2073 quod

219 2081 423 2164 inceperant
453 2081 497 2144 ad
528 2081 632 2144 finem
662 2102 879 2164 nequaquam
915 2082 1102 2164 perducere
1132 2101 1240 2165 posse,
1276 2080 1343 2143 nisi

175 2189 202 2228 so
219 2169 432 2233 intrantibus
463 2172 499 2233 et
529 2170 735 2233 exeuntibus
766 2171 808 2235 de
838 2171 913 2253 ipso
944 2170 1020 2234 loco
1050 2171 1237 2234 transitum
1270 2189 1343 2253 pro·

221 2259 382 2322 hiberent
416 2292 460 2300 -
495 2258 673 2322 habebant
707 2259 799 2322 enim
833 2259 1014 2324 intrinseci
1048 2260 1085 2322 in
1119 2259 1223 2322 fluvio
1256 2258 1343 2321 Padi

221 2367 324 2410 naves
348 2347 554 2410 mirabiliter
578 2351 805 2424 constructas,
829 2349 982 2411 munitas
998 2348 1193 2412 balestariis
1209 2350 1246 2411 et
1261 2347 1342 2410 viris

220 2435 460 2519 prudentibus,
486 2456 564 2499 cum
588 2436 712 2518 quibus
731 2436 928 2500 volentibus
952 2438 1082 2502 intrare
1105 2438 1142 2501 in
1165 2437 1240 2520 ipso
1264 2436 1340 2500 loco

221 2528 256 2588 et
280 2525 371 2588 exire
396 2528 431 2588 et
454 2524 621 2588 victualia
640 2529 675 2588 et
691 2524 760 2588 alia
775 2526 968 2589 necessaria
984 2529 1138 2609 prestare
1155 2525 1341 2589 transitum

175 2631 201 2671 a
220 2613 422 2697 prebebant.
447 2648 490 2656 -
521 2613 599 2678 Hoc
637 2617 755 2678 autem
786 2615 858 2678 viso
892 2619 927 2678 et
958 2615 1098 2698 cognito
1129 2615 1183 2678 illi
1216 2615 1258 2678 de
1289 2635 1342 2678 ex-

219 2702 397 2785 peditione
426 2723 530 2766 naves
561 2705 701 2767 centum
736 2704 906 2780 fecerunt,
943 2724 1027 2787 quas
1058 2704 1208 2768 mirabili
1239 2724 1342 2786 opere

218 2791 256 2854 in
286 2792 391 2855 fluvio
421 2791 509 2854 Padi
540 2794 816 2869 construxerunt,
847 2793 939 2876 ipsas
970 2793 1164 2857 balestariis
1194 2795 1230 2857 et
1259 2793 1342 2856 viris

218 2880 449 2963 prudentibus
479 2883 710 2945 armaverunt.
761 2881 807 2944 Et
841 2883 922 2945 dum
959 2883 1024 2946 hec
1054 2886 1249 2965 agerentur,
1285 2883 1341 2946 die

219 2968 368 3033 sabbati.
387 2969 477 3032 IIII.
502 2969 582 3032 Kal.
614 2969 699 3033 Iulii
732 2973 834 3034 nocte
869 2970 1039 3049 veniente,
1076 2971 1187 3055 prima
1221 2971 1341 3054 vigilia
1360 3000 1456 3043 reare.

174 3058 326 3140 suipsius
350 3059 462 3122 noctis
487 3057 627 3142 *magna
655 3060 758 3123 turba
781 3059 933 3123 militum
958 3061 1128 3126 exercitus
1151 3061 1338 3124 Taurinum
1360 3090 1391 3137 *a
1401 3089 1461 3130 101¹.

220 3147 472 3228 equitaverunt,
508 3148 652 3211 fluvium
687 3169 822 3233 quoque
853 3147 941 3213 Padi
976 3171 1036 3234 per
1066 3153 1207 3234 pontem
1238 3169 1341 3232 super

218 3234 353 3297 Padum
387 3236 486 3299 iuxta
520 3236 710 3300 Taurinum
745 3241 982 3301 constructum
1020 3239 1242 3302 transierunt.
1297 3237 1340 3299 In

218 3327 346 3387 terram
371 3325 477 3388 etiam
500 3325 709 3388 marchionis
732 3325 904 3390 intrantes
927 3325 1028 3389 villas
1059 3330 1095 3389 et
1124 3325 1200 3390 loca
1230 3325 1341 3388 multa

220 3411 464 3476 conbuserunt.
503 3413 659 3477 Audiens
679 3417 796 3478 autem
812 3415 967 3478 marchio
983 3415 1026 3478 de
1043 3435 1160 3478 eorum
1177 3415 1339 3490 adventu,

174 3520 201 3562 ss
219 3501 279 3583 qui
310 3521 386 3564 cum
418 3505 522 3584 gente
553 3522 615 3566 sua
645 3523 706 3586 per
729 3503 881 3566 medium
905 3502 1102 3567 Olavasium
1124 3502 1230 3567 fluvio
1253 3503 1341 3566 Padi

219 3590 394 3654 mediante
418 3611 480 3654 sua
503 3594 666 3674 posuerat
690 3595 812 3668 castra,
836 3594 1015 3674 tamquam
1039 3593 1213 3676 orphanus
1237 3596 1273 3657 et
1296 3592 1339 3656 ab

220 3679 339 3743 amicis
363 3678 583 3757 derelictus³‚
615 3679 770 3744 collectis
794 3681 954 3745 tentoriis
979 3684 1014 3746 et
1038 3681 1239 3766 albergariis
1264 3702 1341 3746 oon·

218 3845 241 3891 e)
254 3844 379 3893 mendam
392 3842 485 3884 deiectis
500 3855 530 3892 e.,·
544 3844 573 3891 cf.
588 3855 657 3894 supra
665 3857 691 3894 p.
700 3845 734 3896 98,
750 3847 764 3889 l.
776 3847 808 3888 19.

220 3985 247 4052 1)
277 3986 319 4050 Cf.
344 3992 448 4038 canam
475 3988 568 4040 wem
591 3987 654 4044 Iun.
675 3991 716 4044 14.
745 3988 774 4041 in
801 3987 944 4042 obsidione
968 3987 1099 4056 Glevaxii
1126 3989 1188 4056 Rea.
1215 3989 1284 4057 Imp.
1308 3991 1340 4054 V,

173 4064 201 4104 40
219 4073 262 4112 nr.
276 4059 371 4113 13069.
409 4058 451 4122 Of.
471 4075 539 4126 quae
556 4059 703 4112 Schiaeina
722 4061 739 4114 l.
759 4061 775 4114 l.
794 4061 888 4125 tradit,
913 4061 958 4112 sed
983 4061 1026 4112 ln‘c
1050 4061 1081 4111 in
1105 4060 1155 4112 bac
1180 4063 1341 4114 narratione

218 4134 242 4180 et
260 4129 377 4192 fortasse
401 4131 430 4182 in
445 4130 665 4197 praecedentibus
684 4132 818 4184 Galeanee'
834 4132 981 4197 Flammae,
1001 4132 1107 4198 Manipr.
1125 4133 1225 4196 florum
1243 4148 1263 4186 a.
1277 4135 1339 4187 263.

218 4200 286 4322 232
310 4201 377 4253 locos
403 4217 437 4254 ea
463 4202 507 4254 his
534 4202 679 4254 annalibus
708 4204 832 4256 munim
862 4219 895 4254 ea·
919 4208 999 4270 parte
1026 4208 1160 4269 encerptcs
1187 4202 1341 4256 adhibuisse

218 4285 233 4320 a
287 4286 330 4325 ur.
