3112 4856
330 314 520 374 IOHANNIS
540 315 786 370 OODAGNELLI
804 313 984 372 ANNAnns
1003 317 1038 373 A.
1053 321 1130 374 1234.
1233 322 1285 378 115

169 519 329 582 magnam
346 502 381 563 et
398 504 566 562 orossama
586 521 627 563 su
652 521 689 564 er
704 521 840 562 murum
856 521 1019 564 conexam
1035 521 1132 565 secus
1148 523 1283 566 murum
1304 511 1382 564 1234.

170 591 301 652 stantes
332 608 433 672 super
464 609 520 652 eos
551 523 719 652 violdnter
753 587 987 673 proiecerunt;
1023 590 1144 654 subtus
1174 591 1283 674 ipsam

168 677 303 740 trabem
327 676 361 738 X
384 679 446 740 aut
468 677 543 740 XII
566 697 607 740 ex
630 677 853 760 popularibus
869 678 1046 742 Placentia
1065 681 1101 743 et
1118 677 1283 744 Oromone
1398 697 1401 702 ’

170 769 251 828 sunt
274 759 506 848 interempti.l
527 766 594 828 Per
616 766 766 830 medium
790 766 947 830 foramen
970 768 1060 829 muri
1083 768 1224 851 apositis
1247 769 1284 830 in

131 855 250 918 steno
281 858 317 918 et
346 854 451 936 lignis
481 839 617 937 i'gnemb
651 841 828 919 miserunt.
875 854 951 933 Quo
982 876 1125 920 accenso
1155 857 1284 920 virtute

169 943 311 1007 Domini
334 947 369 1007 et
391 943 481 1025 ignis
504 943 618 1007 ealore
641 944 677 1005 in
693 944 768 1027 ipso
784 944 924 1008 minime
939 929 1069 1008 intrare
1086 933 1282 1028 potuerunt,

169 1035 205 1096 et
227 1033 398 1096 intrantes
421 1023 590 1096 violeinter
613 1020 827 1116 expule'runt.
868 1033 914 1095 Et
932 1033 982 1096 ita
999 1032 1284 1098 Cremonensibus

169 1124 205 1185 et
220 1120 398 1186 Placentia
422 1121 646 1204 popularibus
668 1107 816 1186 viriliter
838 1101 1042 1185 restitesrunt
1065 1125 1101 1186 et
1121 1117 1283 1186 bellicose

169 1199 420 1293 pugnaverunt,
445 1211 526 1292 quia
549 1231 618 1273 non
641 1210 752 1273 solum
775 1232 836 1293 per
859 1214 974 1293 partes
997 1211 1081 1274 istas
1100 1211 1285 1294 prudentia

123 1301 204 1361 1oet
227 1300 336 1362 virtus
361 1319 478 1363 eorum
503 1302 555 1362 est
580 1302 663 1361 nota
686 1302 721 1363 et
744 1285 1080 1370 manifestalverum
1101 1301 1205 1364 etiam
1224 1321 1285 1384 per

168 1390 279 1451 totam
291 1388 499 1471 provintiam
509 1369 958 1452 Lonbardiefdmavolavit.
991 1387 1285 1472 Expugnaverunt

168 1497 316 1628 narique
347 1480 498 1628 oagtrum
527 1476 617 1627 iplud
648 1476 691 1540 ab
722 1477 808 1578 hora
836 1477 1099 1628 tprtie⁶dusque
1130 1477 1174 1540 ad
1202 1463 1285 1628 iffid

169 1584 874 1804 {titulaultiujt'irt‘ttii'vfflit‚
902 1585 1219 1736 {battutas
1241 1587 1285 1718 ”a

122 1765 150 1804 ιο
169 1742 287 1806 dolore
319 1743 481 1806 commoti
511 1743 641 1825 priter
671 1744 707 1806 et
737 1729 870 1806 turbati
893 1743 937 1806 ad
961 1739 1074 1806 eastra
1095 1729 1289 1806 redie'runt.¹

169 1831 293 1894 Fertur
323 1835 358 1895 et
381 1852 500 1895 verum
531 1834 591 1908 est,
623 1831 715 1914 quod
746 1831 837 1894 oiroa
860 1831 966 1894 XVII
998 1853 1038 1896 ex
1061 1831 1285 1916 popularibus

168 1919 346 1984 Placentie
370 1924 405 1984 et
429 1919 596 1984 Cremona
626 1921 662 1982 in
693 1939 733 1984 ea
756 1899 1010 2003 expugnatione
1042 1923 1123 1984 sunt
1147 1907 1284 1998 mo'rtui,

169 2013 204 2072 et
232 2001 501 2073 innumerdbiles
529 1991 703 2074 vulnerati
734 2011 769 2072 et
799 2009 843 2072 ad
873 2012 985 2072 eastra
1015 2003 1154 2093 pe‘uitus
1177 2002 1283 2073 ducti.

275 2099 341 2162 Die
371 2098 507 2161 sabbati
530 2097 572 2160 V.
596 2100 721 2161 mensis
745 2098 895 2182 Augusti
927 2098 1054 2162 milites
1086 2102 1121 2162 et
1150 2098 1285 2181 pedites
1303 2123 1358 2170 Aur.
1369 2121 1389 2164 5.

120 2211 150 2250 ro
169 2185 336 2250 Oremone
355 2190 390 2250 et
406 2187 583 2251 Placentia
608 2187 698 2249 oiroa
721 2186 836 2249 looum
851 2179 1061 2268 Rivalgariid
1088 2174 1283 2262 existentes

169 2275 326 2338 nolentes
357 2275 400 2338 de
430 2251 609 2338 obsididne
639 2255 809 2352 recellere,
841 2275 956 2338 eonati
987 2278 1067 2338 sunt
1095 2295 1228 2338 summa
1251 2276 1285 2338 vi
1459 2284 1483 2332 a

170 2383 366 2446 manganos,
383 2364 601 2437 trabuohum
619 2363 804 2446 predarias‚
822 2367 944 2447 pontes
961 2367 996 2426 et
1011 2363 1095 2426 alias
1108 2364 1284 2427 machinas

168 2452 292 2516 tollere
316 2455 351 2516 et
375 2451 620 2534 *recuperaret
641 2451 806 2515 Videntes
830 2453 896 2515 hoo
919 2453 1106 2529 intrinseci,
1138 2453 1284 2535 prelium
1304 2476 1407 2525 *mosa
1457 2462 1491 2543 7

170 2541 428 2622 sagittariorum
445 2543 480 2604 et
495 2540 758 2604 balestariorum
775 2543 810 2604 et
826 2541 981 2622 lapidum
997 2540 1091 2604 illioo
1107 2541 1285 2623 inceptum

123 2655 150 2694 rs
169 2629 239 2691 fuit
249 2614 279 2716 3]
287 2629 403 2712 itaque
434 2629 632 2712 gravissime
661 2649 718 2693 eos
743 2650 817 2692 oum
843 2629 1016 2712 lapidibus
1040 2630 1285 2713 percuciebant
1445 2618 1520 2728 s*

170 2722 205 2782 et
228 2718 466 2796 vulnerabant,
481 2707 582 2800 squod
607 2739 648 2782 ea
663 2718 790 2803 absque
806 2738 931 2800 magno
948 2719 1101 2801 periculo
1116 2721 1152 2783 et
1167 2718 1284 2783 labore
1442 2723 1468 2802 s
1487 2721 1527 2804 β’

170 2807 296 2872 habere
327 2828 396 2870 non
425 2802 652 2891 potuerunt.l
669 2807 715 2869 nt
744 2810 828 2870 tuno
859 2806 953 2890 eapti
981 2808 1124 2871 fuerunt
1154 2827 1212 2871 sex
1242 2808 1284 2872 de

52 2967 56 2974 ,
170 2878 298 2980 pdpulo
321 2881 514 2973 Plaoe‘ntie;
546 2896 722 2979 lignamen
744 2915 835 2973 vero,
866 2897 958 2978 quod
989 2917 1191 2980 recuperare
1215 2917 1285 2960 non

170 2989 366 3068 potuerunt,
391 2964 472 3069 (gne
496 2974 743 3049 cremaverunt.
782 2985 962 3068 Hospitati
979 3007 1127 3069 namque
1142 2986 1285 3049 fuerunt

121 3103 150 3140 aa
171 3078 271 3138 nocte
301 3075 460 3138 veniente
490 3075 527 3136 in
557 3075 686 3151 eastris,
719 3073 774 3137 die
805 3077 920 3138 autem
952 3075 1123 3138 dominica
1153 3095 1284 3137 summo
1304 3100 1392 3148 aaa

171 3163 324 3225 diluoulo
347 3149 473 3226 revdrsi
498 3164 645 3225 suntad
670 3149 818 3246 prdpria.

277 3250 342 3314 Die
366 3251 489 3314 Martis
513 3251 581 3312 ΙΙΙ.
607 3252 733 3314 mensis
757 3249 918 3314 Ootubri's
942 3251 1069 3314 milites
1094 3254 1128 3314 et
1152 3252 1284 3333 pedites
1303 3276 1379 3318 aas,

170 3339 347 3402 Placentia
385 3339 422 3402 in
461 3321 601 3402 civitate
641 3319 854 3402 comorantes
893 3338 1068 3402 hostiliter
1108 3321 1284 3402 civitatem

171 3413 337 3504 exierunt,
362 3428 429 3491 iter
453 3448 569 3491 eorum
594 3428 638 3490 ad
661 3430 776 3510 partes
796 3427 951 3490 Fontane
976 3432 1011 3490 et
1030 3415 1183 3492 Oblribre
1207 3428 1283 3490 diri-

123 3545 152 3586 35
171 3503 300 3600 ge'ntes,
339 3517 482 3579 uasdam
500 3517 627 3592 domos,
644 3536 710 3598 que
723 3518 823 3578 erant
840 3519 936 3578 extra
948 3516 1104 3598 burgum,
1122 3511 1285 3579 diorsntur

172 3606 300 3670 conbus
333 3626 395 3669 sse.
453 3605 512 3666 Illi
551 3624 631 3668 vero
669 3604 729 3686 qui
767 3608 866 3667 erant
903 3605 939 3666 in
979 3608 1090 3668 castro
1129 3605 1284 3668 Fontane

172 3695 320 3778 burgum
336 3682 472 3779 egregie
484 3689 710 3757 defendentes
722 3693 869 3776 prelium
882 3714 960 3757 oum
971 3685 1054 3776 ipsis
1067 3683 1284 3770 comise'runt,

171 3783 299 3848 multos
317 3778 644 3858 vulneraveruntset
668 3803 770 3864 quam
794 3769 909 3865 plirres
933 3765 1098 3865 ceperunt
1122 3786 1157 3847 et
1181 3783 1284 3846 etiam

171 3874 342 3954 quendam
388 3893 430 3936 ex
476 3871 695 3954 magnatibus
740 3871 860 3954 populi
908 3859 1010 3934 mdrti
1055 3864 1284 3935 tradiderunt.

120 3991 153 4029 ,4ο
172 3961 338 4025 Videntes
368 3961 520 4044 plebagii
554 3961 645 4042 quod
679 3941 794 4023 fdoere
824 3941 1073 4042 peroptabante
1109 3961 1153 4023 ad
1183 3960 1286 4024 finem
1470 3980 1490 4037 3

172 4051 311 4115 minime
341 4030 528 4134 perducere
559 4041 666 4132 p6sse,
699 4068 776 4111 cum
807 4048 925 4112 dolore
956 4051 992 4112 et
1014 4030 1159 4112 tristitia
1181 4069 1286 4113 reses·
1314 4085 1408 4206 ‘ys
1427 4109 1539 4168 qm

1130 4171 1134 4178 ¹
1492 4169 1509 4203 f

1459 3449 1505 3940 QQQQQQ
1460 3310 1488 3389 w
1456 3133 1490 3204 Ἃ
1453 2812 1503 3067 QQQQ

172 4255 195 4307 a)
215 4258 246 4296 sic
259 4268 276 4299 c.
351 4258 374 4305 b)
394 4258 464 4306 suppl.
486 4257 579 4306 H.-Br.,·
598 4269 640 4298 om.
659 4268 676 4298 c.
745 4257 766 4303 o)
786 4256 817 4294 sic
835 4267 851 4298 c.
924 4254 947 4304 (l)
966 4257 1044 4298 entend.
1062 4257 1132 4304 Palm
1149 4258 1251 4306 malgerii
1268 4269 1286 4298 c,

170 4315 194 4361 a)
213 4311 246 4358 Os.
261 4311 298 4350 ιΝ,
313 4309 402 4350 Archtv'
416 4312 441 4349 X
444 4311 480 4360 VI,
496 4322 520 4358 p.
534 4311 585 4353 340:
606 4308 636 4350 ad
650 4309 716 4350 finem
730 4307 769 4348 dlu
784 4314 932 4359 peroptatum.

1039 4397 1074 4452 8*
