3118 4840
679 315 908 372 PRAEFATIO.
1297 317 1353 372 XV

237 501 465 568 Mart—Iun.
482 507 511 566 et
526 499 601 565 inde
615 520 712 581 usque
730 501 775 565 ad
785 521 816 564 a.
828 504 922 562 1234.
936 498 1012 562 Iun.
1022 498 1120 580 pestis
1131 499 1354 564 desiderantur

236 612 401 673 nunqnam
423 588 559 672 scripsit,
583 591 639 654 sed
658 588 748 668 foliis
770 588 808 652 in
830 587 996 670 arcbetppo
1019 609 1075 651 sno
1097 587 1207 652 uacuis
1223 587 1352 670 relictis,

237 687 274 745 ut
300 680 376 744 baec
400 685 511 762 postea
540 678 703 760 suppleret,
730 676 825 759 prim
853 696 905 740 res
934 681 1078 740 111234.
1103 676 1168 741 Iul.
1191 695 1289 758 nsque
1311 679 1356 742 ad

237 766 532 834 o.1235.Maium
553 773 657 848 pestes
680 765 830 846 enposuit,
854 771 1005 846 mortuus,
1029 771 1197 846 antequam
1220 765 1257 829 id
1273 767 1356 846 quod
1475 819 1478 825 .

238 859 379 922 coluerat
390 857 567 937 perficeret.
611 854 650 920 G.
667 855 713 919 H.
731 854 826 919 Perti
840 859 876 919 nt
890 854 1039 919 lacunam
1054 853 1195 918 hiantem
1209 855 1353 936 enpleret,

239 944 367 1012 addidit
387 965 467 1027 quac
483 944 646 1012 Iobonncs
668 945 706 1008 de
724 943 850 1008 Mussis
872 943 910 1007 de
932 942 983 1007 bis
1005 942 1139 1008 motibus
1160 943 1276 1024 retulit,
1300 942 1355 1023 qui

239 1035 316 1100 baec
333 1054 399 1099 non
417 1053 456 1098 ea
471 1031 632 1097 Iohannis
646 1030 831 1114 Oodopnelli
842 1031 1035 1113 Annalibus,
1052 1033 1108 1096 sed
1117 1052 1156 1096 eoo
1167 1031 1243 1096 aliis
1255 1053 1355 1096 anna·

240 1122 321 1188 libus
336 1120 535 1187 Placentinis
553 1119 722 1203 deperditis
738 1119 911 1202 exscripsit.
951 1120 1043 1186 Haec
1060 1141 1125 1184 non
1143 1119 1264 1202 repetii,
1286 1141 1356 1185 cnm

238 1210 320 1276 mibi
332 1209 450 1277 codices
461 1231 560 1274 mann
571 1209 683 1290 scripti
691 1211 839 1290 deessent,
847 1207 1089 1290 quibuscollatis
1098 1230 1136 1273 ea
1147 1210 1354 1274 emendarem.

346 1300 399 1364 De
415 1297 557 1364 motione
578 1298 760 1380 Codopnelli
775 1297 825 1380 epi
842 1297 895 1362 ‘N
913 1297 1049 1363 Arcbio’
1068 1297 1169 1380 XVI,
1184 1320 1219 1379 p.
1233 1303 1296 1361 258
1310 1318 1354 1378 sq.

246 1387 307 1469 Qui
336 1387 480 1470 linquam
503 1387 657 1453 Latinam
686 1407 750 1451 non
780 1385 892 1451 melius
919 1406 1015 1467 qnam
1044 1386 1159 1452 caeteri
1189 1386 1357 1452 annalium

241 1477 410 1558 scriptores
443 1475 555 1541 Italici
588 1475 707 1540 soeculi
738 1474 849 1539 XIII.
882 1475 1045 1556 didicerat,
1081 1476 1136 1540 sed
1168 1481 1290 1540 tantum
1323 1481 1358 1539 ut

241 1565 388 1630 notarius
404 1565 561 1644 formulas
584 1564 765 1630 tabularum
788 1563 983 1629 conscribere
999 1570 1114 1645 posset,
1138 1570 1277 1629 adoncen
1297 1570 1326 1628 st
1348 1599 1358 1608 ·

242 1654 320 1736 duit,
349 1660 385 1718 nt
413 1653 503 1734 copia
531 1654 695 1717 uerborum
724 1658 816 1734 atque
846 1659 962 1717 ornatu
984 1652 1138 1718 sermonis
1161 1653 1288 1717 lectores
1310 1654 1358 1717 de-

243 1744 379 1808 lectaret.
431 1741 508 1807 (lum
537 1741 638 1824 ipitnr
660 1740 791 1808 dicendo
819 1762 938 1823 mapna
968 1747 1131 1822 oppeteret,
1162 1743 1218 1806 sed
1239 1762 1359 1822 parum

243 1832 369 1912 ualeret,
393 1832 547 1896 adductus
562 1836 615 1911 est,
638 1836 674 1895 ut
694 1829 765 1894 stilo
779 1829 930 1895 insolenti
945 1850 983 1894 ac
997 1836 1194 1894 monstruoso
1208 1835 1357 1910 uteretur,

242 1941 304 2001 quo
319 1919 421 1985 oratio
437 1919 504 1984 eius
519 1925 642 1985 tantum
657 1941 679 1983 a
693 1917 840 2000 simplici,
864 1919 968 2002 mapis
983 1917 1100 1984 Italico
1115 1939 1211 2000 qnam
1226 1917 1356 1999 Latino,

243 2029 385 2074 sermone
407 2007 599 2089 relianormn
617 2007 786 2074 annalium
804 2007 990 2073 Italicorum
1005 2005 1192 2088 scriptorum
1207 2013 1361 2088 quantum

244 2099 285 2162 ab
314 2118 349 2162 eo
378 2096 572 2162 cruditorum
601 2095 743 2162 oir'orum
772 2096 863 2162 illins
892 2095 1006 2162 aetatis
1038 2095 1155 2175 differt.
1206 2095 1269 2177 Qui
1291 2117 1360 2160 cum

244 2185 373 2268 inpenio
388 2206 503 2267 mopno
519 2191 611 2265 atquc
625 2187 764 2250 ubertate
780 2185 934 2250 sermonis
949 2190 1078 2266 careret,
1098 2191 1237 2250 attamen
1252 2183 1362 2249 acrius

244 2273 462 2355 fernddinsque
490 2294 542 2338 res
568 2279 673 2355 pestus
695 2273 868 2339 describere
890 2274 986 2353 uellet,
1016 2278 1140 2338 coactns
1162 2279 1216 2354 est,
1239 2279 1275 2336 nt
1296 2294 1360 2337 sae·

239 2361 373 2445 pissime
395 2363 501 2426 eadem
523 2363 619 2426 cerba
640 2362 846 2443 dosculosqne
869 2361 1024 2428 orationis
1041 2361 1180 2442 iteraret,
1204 2362 1293 2425 modo
1308 2382 1360 2426 no-

246 2449 403 2514 tariorum
437 2451 548 2515 crebra
580 2451 676 2515 nubo
709 2452 816 2515 eadem
847 2450 1047 2516 (declarantia
1080 2451 1291 2530 accumulans,
1326 2456 1361 2514 nt

246 2538 373 2604 dicendi
396 2537 487 2620 copia
515 2545 607 2620 atone
630 2545 745 2604 ornatu
772 2560 804 2603 se
827 2545 1002 2607 ostentaret.
1049 2539 1163 2621 Itaque
1185 2538 1361 2622 maculeris

245 2627 348 2693 oratio
370 2627 438 2692 cius
459 2627 548 2707 facto
571 2635 623 2710 est,
647 2634 683 2692 nt
703 2627 801 2708 facile
823 2630 954 2693 eandem
976 2627 1013 2693 in
1028 2628 1171 2693 munibus
1186 2627 1278 2693 libris
1293 2627 1361 2693 eius

245 2737 410 2799 opnoscos.
456 2714 640 2798 Lectitarot,
671 2723 706 2781 ut
735 2739 751 2782 e
779 2716 899 2796 fabulis
928 2717 997 2782 eius
1026 2717 1205 2798 didicimus,
1233 2716 1362 2781 Lucani

246 2807 284 2870 de
307 2807 383 2871 bello
407 2805 494 2872 cicili
517 2807 675 2887 carmen1‚
700 2805 799 2871 Pauli
814 2806 943 2871 diaconi
959 2806 1128 2871 Historias
1141 2807 1362 2871 Romanorum

245 2901 276 2958 et
296 2896 592 2977 Lanpobordorum,
624 2894 748 2960 Isidori
776 2895 1004 2978 Etpmolopias,
1035 2896 1091 2960 sed
1118 2895 1257 2975 fructum
1286 2894 1362 2959 inde

246 2982 387 3048 orationi
409 3004 486 3048 snae
508 2983 711 3065 expoliendae
733 3004 800 3048 non
822 2983 909 3065 cepit.

352 3071 523 3136 Annorum
549 3072 679 3137 initium
706 3071 916 3155 Godapnellus
944 3094 1029 3138 more
1052 3072 1311 3137 Placentinormn
1334 3078 1364 3136 et

251 3158 509 3224 Cremonensium
531 3159 620 3226 illius
643 3161 791 3242 temporis
820 3183 841 3225 a
871 3161 921 3226 die
944 3161 1066 3226 Martii
1089 3168 1149 3225 25..
1165 3161 1249 3241 fecit,
1281 3162 1364 3241 quod

246 3245 313 3327 ipse
331 3246 422 3329 dicit,
442 3268 511 3312 cnm
530 3249 679 3313 scriberet
688 3270 722 3330 p.
738 3255 792 3313 73:
817 3250 960 3316 infesto
976 3252 1078 3316 beate
1094 3251 1237 3333 virginis
1253 3249 1362 3313 Maris

247 3338 382 3399 mutata
403 3336 474 3399 fuit
493 3337 695 3418 incarnatio,
720 3343 755 3404 eb
778 3341 932 3403 cucurrit
951 3338 1187 3404 MOOXXIII.
1212 3343 1292 3418 etp.
1311 3343 1361 3418 99,

247 3445 277 3487 a.
305 3430 409 3488 1229:
438 3447 554 3491 mense
579 3421 731 3504 (Martii)
762 3429 913 3492 infesto
943 3431 1061 3492 sancte
1089 3427 1198 3491 Maris
1228 3430 1363 3490 mutata

245 3514 316 3577 fuis
338 3514 540 3579 incarnatio.
589 3515 653 3580 Sed
674 3536 739 3580 non
761 3515 875 3598 ubique
897 3517 980 3581 bunc
1006 3535 1123 3580 morem
1149 3514 1299 3596 seroaoit,
1329 3522 1365 3579 ut

247 3625 277 3667 a.
300 3607 395 3666 nes.
420 3623 455 3683 p.
478 3610 527 3684 ss,
556 3608 650 3667 1199.
674 3626 710 3686 p.
732 3611 784 3686 ss,
810 3610 906 3668 1207.
928 3627 963 3687 p.
985 3611 1035 3686 31,
1064 3609 1158 3668 lass.
1183 3625 1219 3685 p.
1245 3609 1296 3686 53,
1327 3604 1364 3670 uc·

245 3691 361 3770 forsan
398 3689 528 3756 librarii
565 3691 616 3756 bis
654 3693 731 3758 locis
767 3714 914 3758 numeros
952 3713 1110 3759 annornm
1146 3700 1362 3775 corruperunt.

246 3779 384 3844 Initium
417 3779 602 3845 indictionis
641 3779 850 3864 Codapnellus
884 3804 948 3847 non
983 3781 1204 3848 consuetudine
1238 3781 1364 3848 Graeca

245 3889 267 3932 a
298 3869 380 3952 Sept.
409 3876 435 3950 1,
466 3870 522 3934 sed
548 3891 633 3936 more
661 3870 797 3936 Bedono
828 3893 849 3936 a
879 3871 930 3936 die
961 3872 1043 3954 Sept.
1069 3878 1120 3936 24.
1152 3871 1298 3953 sumpsit,
1329 3878 1364 3935 ut

240 3963 331 4038 patet
370 3979 402 4022 a.
444 3964 539 4022 1196.
574 3980 610 4041 p.
651 3965 709 4041 22,
753 3959 809 4024 nbi
846 3982 962 4027 mense
1002 3961 1212 4046 Septembri,
1257 3960 1363 4025 indic-

246 4046 341 4112 tione
374 4047 504 4126 XIIII,
544 4069 614 4114 cum
647 4047 779 4114 indictio
807 4047 934 4115 Graem
958 4048 1038 4114 XV.
1073 4048 1139 4114 iam
1171 4071 1192 4114 a
1223 4049 1305 4133 Sept.
1333 4055 1361 4112 l.

247 4237 274 4303 1)
292 4237 365 4288 Eum
382 4240 463 4290 etiam
476 4239 592 4306 Verpr'lii
601 4241 741 4294 Aeneidem
760 4241 850 4308 lesisse
861 4242 898 4294 iis
910 4257 977 4309 qnae
989 4242 1032 4296 (Ν.
1045 4242 1157 4294 Archio'
1169 4241 1248 4307 XVI,
1262 4259 1291 4308 p.
1302 4242 1364 4307 322,

246 4323 274 4361 n.
288 4310 329 4363 10.
348 4308 476 4362 adnotavi
491 4327 544 4363 nou
559 4311 700 4380 probatur.
