3112 4856
213 276 264 332 106
381 271 571 328 IOHANNIS
590 271 837 326 OODAGNELLI
856 271 1039 327 surmus
1058 271 1094 328 A.
1109 275 1187 329 1231.

115 463 193 519 1231.
212 457 333 535 bustis,
357 457 525 539 fugiendo
548 457 616 521 iter
639 477 740 520 suum
766 458 810 520 ad
834 459 1000 521 montana
1023 456 1159 520 direxit.
1199 457 1246 519 Et
1267 457 1338 521 nisi

211 545 488 611 Mediolanenses
523 565 564 610 ea
596 549 697 610 nocte
729 546 846 628 ignem
882 546 1064 622 misissent,
1100 545 1335 610 marchionem

213 657 292 700 eum
322 638 427 718 gente
457 655 520 698 sua
549 635 762 699 habuissent.
818 635 864 697 lit
895 635 1092 717 equitantes
1123 655 1184 719 per
1218 637 1336 718 partes

211 724 291 788 illas
314 723 437 788 villasl
464 726 500 788 et
523 723 608 801 loca,
641 743 707 806 que
730 725 948 800 invenerunt,
979 724 1060 807 igne
1084 727 1335 788 cremaverunt.

213 812 300 877 Oum
331 816 448 877 autem
479 813 543 876 hec
574 816 770 896 agerentur,
806 812 861 876 illi
891 813 951 896 qui
985 815 1085 876 erant
1118 813 1156 874 in
1190 813 1377 876 navibuss

212 903 250 965 in
273 902 377 966 fluvio
401 900 488 965 Padi
513 902 696 965 constituti
719 901 867 985 prelium
891 923 1055 986 magnum
1079 901 1252 965 cumillis
1276 902 1336 984 qui

213 993 313 1056 erant
335 991 372 1053 in
394 990 540 1054 navibus
565 991 773 1054 marchionis
795 992 971 1068 fecerunt;
997 991 1057 1075 qui
1073 990 1139 1054 Dei
1154 990 1337 1054 voluntate

212 1081 304 1164 ipsas
328 1099 432 1143 naves
456 1083 624 1162 ceperunt
647 1083 682 1144 et
698 1079 735 1143 in
752 1100 869 1144 eorum
885 1080 1016 1144 virtute
1033 1079 1241 1144 habuerunt.
1276 1079 1337 1144 Oa·

213 1172 323 1233 strum
354 1189 489 1252 quoque
513 1169 722 1252 lignaminis,
753 1169 845 1252 quod
875 1169 912 1231 in
935 1169 1031 1233 Pado
1061 1171 1335 1246 construxerant,

213 1259 371 1322 similiter
396 1262 562 1340 ceperunt
586 1262 621 1321 et
645 1259 888 1322 conbuserunt.
929 1258 1030 1321 Unde
1046 1258 1197 1322 universi
1217 1259 1260 1323 de
1284 1279 1336 1322 ex·
1357 1279 1387 1318 ro

212 1347 390 1431 peditione
403 1346 530 1430 gaudio
542 1367 668 1429 magno
681 1351 762 1410 sunt
774 1347 893 1430 gavisi,
906 1347 1087 1411 intrinseci
1098 1367 1179 1411 vero
1191 1346 1337 1410 tristitia

214 1439 251 1500 et
266 1456 391 1518 magno
416 1435 534 1500 dolore
558 1439 640 1499 suut
662 1436 799 1519 repleti.
838 1436 992 1501 Predicti
1007 1457 1088 1500 vero
1108 1436 1236 1500 milites
1260 1457 1337 1500 con-

102 1547 194 1590 anae.
213 1525 325 1589 bustis
348 1525 432 1589 locis
457 1528 492 1588 et
515 1524 607 1588 villis
631 1525 687 1588 die
710 1525 865 1589 venienti
888 1546 1022 1588 summa
1053 1546 1130 1588 cum
1154 1524 1269 1588 letitia
1292 1526 1337 1588 ad

214 1618 327 1678 castra
350 1615 539 1678 redierunt.
579 1613 710 1678 Eodem
733 1635 814 1678 vero
838 1617 994 1699 ternpore
1018 1617 1159 1696 pontem
1179 1614 1216 1677 in
1232 1615 1337 1677 fluvio

213 1703 301 1766 Padi
324 1706 592 1767 construxerunt
622 1706 658 1766 et
681 1703 756 1767 fieri
784 1704 954 1780 fecerunt,
986 1723 1047 1787 per
1076 1723 1178 1786 quem
1208 1703 1337 1766 milites
1357 1721 1387 1762 rs

214 1792 443 1875 expeditionis
472 1794 703 1869 transeuntes,
736 1793 774 1854 in
804 1795 932 1855 terram
963 1813 1098 1875 quoque
1128 1792 1337 1856 marchionis

94 1902 194 1950 *crosa
215 1901 294 1965 sepe
319 1883 355 1945 et
373 1880 577 1944 multotiens
593 1881 776 1956 intrantes,
794 1880 909 1945 ‘villas
926 1885 961 1944 et
977 1880 1054 1944 loca
1068 1881 1338 1944 innumerabilia

52 1991 198 2041 ruerant).
215 1971 432 2034 destruentes
457 1972 493 2034 et
515 1969 595 2051 igne
620 1973 822 2034 cremantes.
862 1969 929 2033 Die
949 1970 1072 2033 Martis
1089 1970 1184 2033 XVI.
1209 1971 1337 2034 mensis

215 2057 322 2121 Iuliil
352 2079 469 2122 omnes
502 2058 544 2122 de
575 2059 738 2136 exercitu,
770 2058 899 2121 milites
930 2061 966 2123 et
989 2059 1133 2183 pedites,
1165 2059 1337 2141 sagittarii

215 2151 251 2211 et
266 2147 454 2223 balestarii,
470 2167 548 2210 cum
565 2148 739 2231 pontibus,
754 2148 884 2223 eastris,
898 2148 989 2229 gatis
1027 2151 1063 2210 et
1078 2147 1155 2210 aliis
1168 2148 1337 2211 machinis
1356 2167 1386 2206 ao

215 2257 333 2300 eorum
357 2237 482 2299 armati
512 2240 547 2301 et
578 2237 622 2300 ad
653 2236 782 2302 bellum
814 2237 990 2321 preparati
1019 2237 1064 2300 ad
1088 2240 1239 2300 castrum
1263 2235 1338 2300 Ola-

214 2326 301 2389 vasii
323 2326 590 2409 expugnandum
606 2328 825 2409 perexerunt,
849 2325 938 2389 illud
955 2326 1108 2408 undique
1124 2346 1202 2388 cum
1219 2326 1335 2408 gattis,

215 2415 380 2499 pontibus
410 2419 446 2479 et
470 2414 622 2479 castellis
644 2416 792 2479 viriliter
816 2417 1063 2499 expugnantes.
1110 2413 1338 2478 Alexandrini

215 2525 360 2587 quoque,
385 2504 450 2567 viri
466 2504 725 2586 prudentissimi
744 2524 868 2586 magne
885 2504 1036 2579 audatie,
1062 2506 1201 2587 pontem
1219 2523 1337 2567 eorum

216 2614 323 2675 usque
354 2593 458 2657 castri
489 2593 613 2675 spados
643 2597 834 2677 posuerunt
863 2596 899 2657 et
928 2613 1031 2677 super
1060 2593 1174 2676 ipsum
1205 2595 1337 2656 stantes
1355 2607 1386 2650 as

217 2702 294 2746 cum
317 2681 467 2745 inimicis
491 2681 691 2765 gravissime
715 2684 751 2746 et
773 2682 986 2764 iniquissime
1011 2703 1089 2746 cunr
1113 2681 1194 2744 latis
1218 2681 1335 2765 spatis,

215 2770 341 2852 gladiis
372 2774 407 2833 et
441 2770 616 2854 lapidibus
640 2774 844 2853 pugnantes.
896 2771 942 2834 lit
975 2771 1043 2834 nisi
1077 2791 1162 2854 pons
1196 2770 1335 2834 illorum

215 2859 349 2922 fractus
380 2862 416 2922 et
446 2859 606 2941 diruptus
632 2858 745 2935 *esset
777 2860 906 2923 dicitur
936 2864 971 2924 et
1001 2860 1122 2936 fertur,
1155 2860 1246 2943 quod
1276 2880 1338 2943 per
1357 2879 1454 2930 *aaa

216 2948 285 3010 vim
309 2947 404 3010 intus
427 2947 542 3010 locum
564 2947 798 3011 intravissent.
837 2949 1023 3013 Intrinseci
1041 2969 1130 3025 vero,
1156 2949 1221 3012 viri
1244 2949 1338 3013 nobi-

216 3035 347 3110 lissimi,
373 3036 619 3119 magnanim10,
643 3035 809 3114 bellicosi,
835 3059 966 3101 summe
990 3038 1129 3102 audatie
1154 3040 1190 3102 et
1213 3058 1338 3120 magne
1357 3057 1386 3096 m

216 3126 366 3201 virtutis,
404 3145 482 3188 cum
517 3125 664 3189 inimicis
699 3126 839 3191 fortiter
874 3130 910 3191 et
944 3121 1224 3190 inimicabiliter(¹
1259 3147 1338 3190 cum

217 3214 407 3297 manganis,
433 3215 609 3297 predariis,
641 3215 805 3292 lanceis0,
835 3214 970 3299 gladiis,
1002 3215 1176 3299 lapidibus
1201 3219 1237 3280 et
1261 3215 1338 3279 aliis

217 3304 386 3366 machinis
420 3307 618 3387 pugnantes
653 3307 757 3386 atque
792 3325 870 3368 cum
904 3304 1031 3369 ictibus
1062 3304 1271 3387 gravissimis
1303 3308 1339 3369 et

217 3392 437 3456 ferocissimis
462 3392 657 3457 balestariis
680 3393 759 3477 plus
782 3415 876 3458 more
900 3392 1012 3470 solito,
1044 3414 1147 3476 quam
1171 3395 1215 3456 ad
1239 3413 1338 3470 aures

217 3480 363 3545 alicuius
387 3503 549 3564 umquam
574 3483 795 3566 pervenisset,
820 3503 883 3546 nec
908 3482 999 3564 quod
1023 3482 1066 3545 ab
1091 3483 1207 3565 aliquo
1229 3504 1338 3548 recor·
1357 3501 1384 3541 aa

218 3569 293 3632 dari
309 3571 426 3653 possit,
450 3571 608 3634 inimicos
624 3571 823 3653 gravissime
844 3572 1090 3654 percucientes,
1115 3572 1337 3636 vulnerantes

217 3660 253 3723 et
276 3659 405 3722 multos
428 3659 686 3738 interficientes,
719 3660 832 3723 locum
864 3660 1002 3742 quidem
1028 3659 1177 3724 Olavasii
1201 3661 1337 3743 egregie

216 3750 483 3811 manutenentes
522 3751 557 3811 et
596 3748 638 3812 ab
684 3749 834 3812 inimicis
879 3749 1116 3813 defendentes.
1170 3749 1337 3813 Videntes

216 3836 493 3900 Mediolanenses
518 3839 553 3900 et
569 3837 804 3902 Vercelleuses
828 3838 920 3920 quod
943 3839 1146 3923 inceperant
1169 3841 1205 3902 et
1223 3838 1337 3902 facere

216 4007 239 4059 a)
253 4009 310 4048 vilae
324 4010 345 4052 h.
360 4010 374 4052 l.
388 4019 405 4050 c.
459 4009 482 4058 b)
496 4011 526 4048 aie
540 4010 560 4052 h.
576 4011 590 4052 i.
604 4021 623 4050 c.
677 4008 697 4060 c)
711 4010 847 4059 magnamini
860 4021 878 4052 c.
932 4007 956 4058 d)
970 4011 1050 4051 emens
1064 4011 1137 4059 Pall.,·
1155 4011 1182 4058 rs.
1198 4011 1234 4053 ίΝ.
1248 4007 1337 4049 ΔνοΙιίυ’
1356 4007 1385 4047 40

215 4062 322 4164 513th
325 4063 376 4155 428:
391 4062 479 4102 fortiter
493 4069 517 4104 et
529 4062 697 4103 inimicabiliter
711 4068 882 4115 paganarum
902 4063 1047 4104 mirabiliter
1060 4076 1088 4116 c.;
1109 4065 1243 4104 mirabiliter
1256 4064 1338 4106 H.·Br.

218 4259 244 4326 1)
264 4258 317 4314 Iul.
332 4260 374 4314 16.
393 4260 450 4323 fuit
467 4275 493 4314 a.
508 4261 586 4314 1231.
605 4260 662 4312 dies
679 4260 819 4314 Mercurii.
