3112 4856
239 273 291 328 108
398 269 588 326 IOHANNIS
607 270 854 326 GODAGNIIILI
870 271 1054 326 ANNALES
1071 271 1107 328 A.
1121 275 1199 329 1231.

141 436 219 488 1231.
344 455 411 520 Die
441 455 578 520 sabbati
600 454 726 518 XIIII.
751 455 830 518 Kal.
854 456 945 539 Aug.
970 455 1098 521 milites
1128 457 1359 540 expeditionis

133 505 177 546 lul.
187 506 219 547 19.

237 544 371 608 Padum
387 547 607 609 transeuntes
626 543 702 608 loca
719 548 755 609 et
770 544 870 608 villas
887 545 1096 609 marchionis
1113 546 1360 610 destruxerunt

237 637 274 698 et
297 634 557 710 conbusserunt,
583 633 720 698 arbores
742 634 848 698 etiam
867 637 903 697 et
920 635 1038 699 vineas
1058 639 1093 699 et
1117 634 1203 698 alias
1226 655 1279 698 res
1304 634 1359 699 de-

236 721 396 806 populati
433 723 585 799 fuerunt,
625 726 777 786 castrum
814 724 857 787 de
893 722 1022 787 Boaulo
1061 727 1357 807 expugnaverunt.

237 811 305 876 Sed
322 832 400 875 cum
417 811 592 889 vidissent,
613 813 705 895 quod
721 833 791 876 non
807 815 882 876 erat
897 832 983 896 opus
999 813 1101 876 unius
1118 813 1196 891 diei,
1216 816 1358 896 propter
1381 839 1396 878 a

235 903 374 964 noctem
403 900 737 984 appropinquantem
773 901 817 965 ad
853 904 967 965 castra
999 902 1188 966 redierunt.
1235 901 1358 966 Altera

126 1009 171 1051 ruz.
182 1010 216 1053 20.
235 992 353 1052 autem
377 990 433 1054 die
456 1009 589 1053 summo
606 989 760 1053 diluculo
779 990 975 1072 equitantes
994 991 1085 1054 circa
1100 990 1188 1055 illud
1206 995 1357 1053 castrum

236 1078 539 1156 circumsederunt,
556 1078 645 1141 illud
662 1079 815 1160 undique
831 1079 977 1144 viriliter
993 1081 1246 1163 expugnantem
1264 1081 1356 1162 quod

236 1169 387 1230 castrum
410 1188 536 1251 magna
557 1168 593 1232 vi
616 1172 798 1251 ceperunt;
824 1169 861 1230 in
884 1189 951 1252 quo
971 1169 1170 1232 habueruut
1185 1169 1277 1233 circa
1291 1169 1355 1231 XL

235 1256 405 1333 homiues;
423 1257 515 1339 quod
532 1260 682 1320 castrum
696 1257 835 1339 penitus
848 1257 1030 1322 diruerunt
1044 1261 1080 1322 et
1092 1258 1354 1322 conbusserunt.
1377 1285 1404 1324 ιο

64 1362 215 1415 russam).
233 1344 365 1408 Rursus
396 1346 451 1410 die
475 1346 640 1410 Mercurii
655 1345 779 1409 VIIII.
804 1346 883 1409 Kal.
910 1347 1015 1430 Auge
1045 1347 1081 1409 in
1112 1350 1239 1411 terram
1271 1368 1355 1409 mar-

234 1435 367 1498 chionis
402 1434 597 1517 equitantes
629 1434 730 1498 villas
763 1439 799 1500 et
833 1435 910 1500 loca
942 1435 1054 1499 multa
1088 1439 1264 1519 ceperunt,
1300 1435 1354 1499 de·

234 1525 434 1588 struxerunt
458 1527 494 1588 et
517 1524 778 1588 conbusserunt.
818 1523 978 1588 Castrum
1002 1525 1140 1608 quidem
1165 1525 1207 1588 de
1227 1524 1354 1588 Castel-

233 1611 326 1676 11110ει
354 1617 390 1676 et
413 1613 455 1676 de
474 1606 607 1676 Hostab
636 1615 672 1676 et
694 1612 810 1676 locum
833 1614 876 1677 de
896 1612 1063 1676 Cerialle⁰
1092 1616 1128 1677 et
1150 1614 1262 1676 multa
1285 1613 1354 1676 alia

232 1700 308 1766 loca
332 1703 506 1766 communi
529 1701 719 1766 Mediolani
749 1722 785 1766 se
815 1703 1051 1767 reddiderunt.
1099 1702 1239 1766 Habitis
1268 1703 1402 1768 obsi-1⁵

114 1807 213 1856 ’11111
232 1790 343 1867 dibus,
369 1790 608 1854 *sacramentis
637 1811 755 1854 eorum
778 1792 936 1874 receptis,
967 1792 1003 1855 in
1027 1793 1242 1876 protectione
1266 1813 1353 1855 com·

231 1880 345 1942 munis
361 1879 552 1943 Mediolani
567 1880 643 1962 ipsa
658 1884 873 1964 receperunt,
898 1880 1031 1944 nullam
1050 1880 1216 1945 lesionem
1232 1883 1353 1965 postea

232 1968 281 2031 eis
303 1968 482 2032 iacientes.
522 1968 703 2032 Steterunt
718 1989 865 2051 namque
882 1969 1158 2034 Mediolanenses
1178 1973 1213 2033 et
1233 1990 1351 2033 eorum

108 2075 210 2114 Marsa.
231 2076 393 2139 sequaces
423 2056 460 2118 iu
489 2058 565 2140 ipsa
595 2057 772 2122 obsidione
803 2079 824 2121 a
854 2059 908 2122 die
933 2058 1066 2133 Martis,
1102 2059 1161 2141 qui
1195 2058 1266 2121 fuit
1288 2058 1350 2121 VI.

230 2145 310 2208 Kal.
342 2145 446 2226 Iunii,
482 2168 549 2230 quo
585 2147 640 2210 die
676 2147 767 2211 circa
801 2147 915 2211 locum
946 2149 989 2212 de
1021 2147 1179 2211 Olavasio
1210 2148 1351 2211 circum·
1370 2174 1398 2212 so

110 2251 212 2300 suaa.
230 2235 405 2310 sederunt,
441 2255 549 2318 usque
580 2235 624 2298 ad
654 2235 746 2300 diem
776 2236 884 2312 Lune‚
920 2237 980 2319 qui
1010 2237 1082 2299 fuit
1111 2236 1350 2319 quindecimus

229 2325 355 2388 mensis
391 2324 612 2407 Septembris,
649 2328 770 2389 contra
805 2325 1021 2390 voluntatem
1060 2326 1268 2389 marchionis
1307 2326 1350 2388 de

229 2412 486 2478 Monte-ferato
517 2417 553 2478 et
582 2435 700 2478 eorum
724 2415 877 2478 omniurn
902 2415 961 2497 qui
984 2415 1195 2478 adiutorium
1220 2417 1255 2478 et
1278 2435 1350 2478 suc-

229 2520 365 2565 cursum
391 2503 422 2566 ei
446 2503 527 2566 dare
551 2503 793 2586 promiserunt.
839 2503 884 2566 In
908 2504 1004 2568 cuius
1035 2504 1140 2567 castri
1170 2503 1350 2567 obsidione

228 2592 301 2652 tam
330 2591 400 2654 fuit
429 2591 534 2675 longa
564 2613 668 2668 mora,
701 2593 782 2674 quia
812 2596 847 2656 et
877 2593 979 2656 amici
1010 2596 1045 2656 et
1069 2592 1188 2656 fideles
1212 2613 1251 2656 ac
1275 2613 1348 2676 pro·
1368 2618 1396 2658 25

228 2679 349 2762 pinqui
377 2681 585 2744 marchionis
616 2681 744 2745 habere
775 2681 907 2744 nullam
937 2683 1083 2766 possunt
1112 2682 1348 2746 defensionem

227 2788 339 2852 neque
364 2769 630 2846 excusationem,
662 2769 745 2853 quin
776 2771 971 2853 potuissent
995 2770 1186 2834 subsidium
1218 2773 1254 2834 et
1276 2791 1348 2834 suc-

228 2877 365 2920 cursum
390 2857 422 2921 ei
446 2857 589 2934 dedisse,
619 2878 689 2920 nou
712 2858 823 2921 solum
847 2859 980 2942 equites
1004 2862 1041 2922 et
1063 2859 1128 2922 viri
1151 2859 1346 2937 bellatores,

227 2965 346 3008 verum
371 2945 475 3010 etiam
500 2967 520 3008 a
543 2946 782 3010 transmarinis
805 2949 963 3031 partibus
980 2948 1232 3012 horientalibus
1254 2949 1348 3012 infra

228 3036 264 3097 et
298 3034 341 3097 ab
377 3054 501 3098 occasu
535 3034 616 3098 solis
651 3039 757 3113 extra,
793 3057 969 3120 quousque
1005 3037 1181 3120 provincia
1210 3037 1394 3121 Europaeo

228 3122 340 3199 durat,
372 3123 495 3187 claude
526 3122 754 3188 claudicando
785 3127 829 3189 ad
865 3127 1118 3210 expeditionem
1154 3127 1346 3190 accessisse.

227 3211 472 3276 Permanentes
502 3216 618 3277 autem
649 3213 686 3276 in
710 3214 888 3279 obsidione
912 3214 1198 3292 Mediolanenses,
1230 3235 1347 3299 prepa-

225 3301 344 3379 raud0,
380 3301 541 3366 faciendo
576 3305 612 3365 et
642 3304 793 3386 aptando
824 3324 1023 3383 manganes,
1059 3304 1244 3387 predarias,
1280 3307 1346 3367 tra-

226 3389 367 3467 buchos,
399 3393 521 3467 castra,
553 3393 685 3474 pontes,
715 3392 926 3456 testudinem
960 3396 995 3456 et
1026 3395 1125 3475 gatos
1156 3394 1199 3456 ad
1230 3393 1345 3456 locum

226 3481 495 3562 expugnandum
525 3484 561 3543 et
590 3481 740 3563 terragio
769 3481 878 3565 ipsius
908 3480 976 3545 loci
1007 3503 1085 3545 cum
1114 3481 1198 3566 ipsis
1226 3503 1345 3565 appro·
1364 3507 1391 3548 aa

225 3567 443 3650 pinquantes‚
468 3569 601 3652 lapides
621 3589 699 3632 cum
716 3569 904 3652 manganis,
930 3571 1098 3653 predariis
1115 3574 1151 3634 et
1166 3571 1344 3635 trabuehis

226 3655 281 3719 die
305 3659 478 3739 noctuque
502 3657 539 3719 in
562 3657 636 3741 ipso
659 3657 735 3722 loco
760 3657 992 3741 *proicientes
1039 3660 1273 3743 Percipientes
1296 3660 1345 3722 in·
1363 3687 1456 3737 aas.

225 3743 367 3808 trinseci
378 3744 654 3810 Mediolanenses
666 3749 702 3812 et
714 3767 832 3811 eorum
845 3769 1006 3830 sequaces
1020 3749 1062 3812 ad
1076 3749 1345 3833 expugnandum

225 3832 341 3897 locum
363 3829 510 3918 parati‘l,
534 3838 712 3917 tamquam
735 3837 800 3900 viri
822 3837 1085 3921 prudentissimi
1108 3841 1144 3902 et
1166 3837 1344 3921 sapientis·

224 4042 247 4088 a)
260 4040 391 4082 castillione
406 4043 469 4085 Gale.
484 4054 501 4084 c.
512 4043 558 4085 264.
607 4041 631 4095 b)
645 4043 724 4084 Hostla
738 4045 802 4087 Galo.
851 4046 871 4094 c)
885 4046 1010 4095 emendavi,
1023 4047 1149 4095 (1111111111,Ι
1163 4045 1254 4098 Gyriale
1268 4046 1344 4096 θοίνη·
1362 4048 1390 4088 40

224 4093 307 4136 cra-10
320 4096 378 4136 Ana.
395 4096 482 4139 Medici,
495 4100 515 4134 et
529 4097 653 4140 marauna.
708 4095 732 4150 d)
748 4099 780 4137 etc
793 4109 826 4146 c.,·
843 4099 988 4149 interpretare
1001 4105 1100 4150 paratos.

225 4254 252 4323 1)
271 4254 323 4310 ruz.
336 4257 379 4310 24.
399 4256 456 4320 fua
473 4274 499 4311 a.
514 4258 591 4312 1231.
610 4257 666 4310 aas
683 4258 762 4313 raa.
