3118 4840
242 286 279 340 24
402 281 590 336 IOHANNIS
609 280 856 337 consensum
874 280 1055 336 ANNALns
1074 282 1109 336 A.
1124 285 1203 338 1199.

119 446 225 553 „ss-,lfffp
350 465 481 530 Eodem
504 486 595 529 anno
614 468 650 529 et
666 465 785 530 eadem
802 466 1001 543 indictione,
1026 465 1082 529 die
1098 465 1221 528 Martis
1237 469 1358 529 octavo

244 555 369 619 mensis
391 553 522 618 lldadii1
545 554 819 619 Mediolanenses
843 557 879 618 et
896 553 1093 619 Placentini
1116 575 1192 618 eum
1218 555 1359 619 oarooiis

125 667 223 707 ιιι-ιι.
244 645 402 708 exierunt
435 643 608 719 civitates;
644 643 729 706 XII.
764 643 820 707 die
858 643 1011 707 eiusdem
1050 644 1175 707 mensis
1213 646 1359 725 uterque

244 733 414 798 exercitus
430 734 719 797 castramentatus
738 735 791 795 est
806 731 899 817 apud
915 731 1228 808 Castrum-novum
1249 731 1359 795 altera

127 845 174 883 na
170 845 183 856 ··
176 845 224 886 ιι
242 841 323 886 vero
339 821 424 898 diel,
448 820 580 885 seilicet
596 821 777 898 dominica,
795 821 905 884 omnis
921 821 1091 885 exercitus
1107 840 1209 904 super
1224 821 1354 904 ripama
1382 840 1395 878 s

244 911 418 975 Sesteroni
452 909 618 974 consedit
674 908 741 988 Qui
776 909 1005 973 admodum
996 910 1212 974 mimicorum
1251 912 1359 974 terras

127 1023 181 1061 ιιιιι
179 1024 224 1064 mre
244 999 457 1126 depopulans
480 1019 541 1082 per
564 1002 634 1062 tres
657 999 707 1062 ibi
730 991 908 1063 constititb
929 999 1011 1063 dies.
1050 999 1117 1062 Die
1141 1001 1257 1062 autem
1273 999 1359 1061 Mer-

244 1089 331 1153 curii
341 1089 583 1171 3congregato
607 1088 868 1170 exercituque
892 1088 1095 1152 invaderent
1118 1109 1188 1151 non
1211 1087 1359 1170 amplius

243 1178 459 1242 invenientes
470 1197 581 1259 neque
593 1197 710 1240 versus
722 1177 839 1240 hostes
851 1176 1023 1260 preliandi
1035 1176 1168 1260 copiam
1182 1176 1358 1247 habentes

244 1267 382 1350 penitus
398 1266 492 1329 domi
515 1267 713 1328 statuerunt
737 1265 887 1330 *reverti
926 1264 1172 1330 Cremonenses
1188 1270 1354 1347 namque⁰
1380 1286 1406 1323 ιο

244 1358 279 1420 et
294 1355 496 1419 Parmenses
520 1375 597 1418 cum
621 1355 762 1419 carooiis
786 1355 856 1418 suis
879 1357 915 1418 et
934 1354 1092 1417 omnibus
1108 1374 1224 1418 eorum
1242 1354 1360 1418 amicis
1381 1340 1415 1388 ²³
1425 1341 1478 1382 4²⁰¹

244 1438 443 1528 Burgense‘1
470 1446 620 1507 castrum
650 1443 878 1508 obsederant4
908 1446 1011 1526 atque
1041 1463 1078 1507 se
1108 1445 1144 1507 et
1167 1463 1246 1507 suos
1270 1463 1359 1506 caro-

244 1533 314 1596 cios
346 1532 501 1596 virilibus
529 1531 660 1596 viribus
690 1533 830 1597 minime
862 1533 1083 1608 confidentes,
1115 1531 1219 1596 velud
1247 1553 1359 1596 nemo·

243 1622 347 1700 ribus,
371 1625 412 1685 ut
436 1621 548 1686 solent
572 1622 739 1687 heremite
762 1621 905 1698 includi,
929 1621 1077 1684 maximo
1092 1621 1185 1684 vallo
1201 1625 1236 1684 et
1259 1620 1360 1684 fossis

243 1711 395 1793 undique
418 1710 643 1786 incluserunt,
668 1714 718 1786 ut,
742 1731 828 1793 quos
849 1731 1029 1793 corporum
1046 1731 1116 1773 non
1132 1710 1360 1774 defenderent
1380 1729 1405 1768 rs

243 1801 341 1878 vires,
373 1800 489 1863 saltim
519 1799 587 1862 loci
616 1800 750 1864 foveret
780 1820 819 1864 ac
849 1802 1007 1863 tueretur
1037 1799 1213 1882 asperitas.
1266 1798 1359 1860 Dum

244 1891 360 1952 autem
376 1887 657 1952 Placentinorum
673 1892 708 1951 et
724 1888 1035 1952 Mediolanensium
1058 1888 1228 1952 exereitus
1251 1907 1359 1951 rever-

245 1977 350 2041 sionis
372 1977 440 2040 iter
461 1976 585 2040 fuisset
608 1997 774 2060 agressus,
806 1977 945 2059 quidam
969 1977 1131 2054 hostium,
1160 1977 1354 2059 perhenne⁰

244 2066 412 2148 siquidem
436 2067 584 2130 dedecus
607 2069 809 2142 metuentes,
839 2065 998 2129 ultimam
1021 2064 1300 2130 Placentinorum
1325 2068 1360 2129 et

244 2154 555 2219 Mediolanensium
589 2154 758 2219 exercitus
792 2157 927 2238 partem
962 2155 1077 2218 conati
1110 2157 1192 2217 sunt
1226 2155 1358 2236 agredi3
1379 2175 1406 2211 ιο

244 2265 328 2326 quos
352 2245 498 2327 prefecti
521 2243 801 2308 Placentinorum
826 2247 861 2308 et
880 2243 1191 2308 Mediolanensium
1214 2242 1360 2306 viriliter

141 2357 170 2400 ·,
244 2335 463 2415 insequentes
494 2354 653 2416 magnam
684 2333 831 2416 *partem
863 2354 980 2397 eorum
1004 2335 1170 2415 ceperunt
1194 2335 1229 2395 et
1252 2352 1359 2413 usque

246 2423 290 2484 ad
313 2423 460 2505 predicti
482 2422 674 2505 ingressum
697 2423 895 2486 muniminis
911 2443 968 2487 eos
984 2422 1210 2503 fugaverunt;
1236 2421 1360 2484 deinde

245 2511 320 2593 ipsa
354 2511 409 2575 die
452 2532 529 2575 oum
568 2531 692 2594 magna
733 2515 912 2594 captorum
948 2512 1100 2574 hostium
1135 2509 1359 2573 multitudine

247 2600 339 2662 domi
372 2601 499 2663 reversi
533 2600 692 2676 fuerunt,
729 2603 765 2663 et
798 2600 847 2664 ibi
881 2600 1009 2663 multos
1039 2599 1290 2663 interfecerunt
1325 2601 1360 2662 et
1378 2618 1405 2656 ιι

245 2687 543 2753 vulneraverunt5.

246 2929 554 2982 s)enend.1¹ail.;i13ame.
608 2931 631 2982 b)
645 2932 762 2971 constituit
775 2944 792 2974 e.
846 2935 866 2980 o)
880 2943 933 2982 naqs
948 2943 965 2974 e.
1019 2930 1042 2980 d)
1062 2933 1361 2981 hrugefic.,·13urgensium

246 2985 316 3027 Perii.
370 2983 390 3034 e)
404 2987 484 3028 mene.
497 2986 573 3033 Pern,·
586 2985 704 3034 perherme
717 2996 735 3024 c.

248 3197 273 3266 1)
299 3197 438 3249 Undecimo
453 3200 545 3266 potins
561 3199 605 3250 die
622 3199 701 3265 Maii,
721 3202 769 3266 qni
785 3201 841 3263 fuit
859 3200 959 3251 Meldis
976 3200 1040 3264 dies,
1058 3201 1098 3251 eel
1115 3205 1228 3267 quorem
1253 3200 1325 3250 Maii
1335 3200 1360 3252 8.

247 3271 302 3333 fuit
313 3268 459 3324 sabbatum.
520 3269 547 3335 2)
566 3269 631 3321 Cum
644 3269 729 3322 altera
741 3269 798 3322 dies
811 3271 968 3336 Cedaenelle
979 3273 1014 3323 sil
1025 3271 1080 3323 dies
1092 3274 1220 3335 crastina,
1238 3271 1280 3321 lie
1293 3270 1362 3321 mens
1380 3279 1406 3318 so

246 3356 300 3393 non
318 3341 456 3392 coneordat
474 3357 533 3392 enm
546 3341 771 3407 praecedentibus.
803 3341 938 3405 Quaedam
956 3344 1053 3394 emissa
1072 3358 1125 3394 esse
1138 3347 1200 3408 posi
1216 3337 1361 3393 Castrum-

247 3428 348 3464 novum
364 3414 544 3464 coniciendum
562 3418 606 3466 esi.
678 3412 706 3482 3)
725 3413 776 3464 Die
787 3413 860 3464 Maii
872 3415 914 3469 19.
926 3414 974 3464 doe
984 3415 1119 3479 proelium
1130 3415 1297 3464 cecinissem
1310 3427 1362 3463 esse

247 3484 369 3547 referunt
381 3485 460 3534 eiiam
472 3485 558 3535 Notae
569 3484 597 3537 S.
610 3484 720 3548 Georeii
730 3484 837 3537 Mediol.
847 3501 876 3550 p.
887 3487 947 3539 387.
1000 3486 1029 3550 4)
1050 3485 1113 3536 Non
1130 3483 1301 3549 obsederant,
1317 3483 1362 3534 sed

247 3561 374 3606 steterunt
392 3556 466 3620 apud
477 3555 601 3619 Burpnm
619 3555 647 3608 S.
660 3555 798 3620 Domnini,
817 3562 847 3607 ni
864 3555 1031 3619 deferdereni
1049 3555 1175 3623 oppidum
1193 3562 1288 3607 eontra
1299 3554 1361 3606 Ple·

247 3627 363 3677 eeniinos
386 3631 410 3676 ei
434 3626 651 3692 Mediolanenses,
677 3632 707 3677 ni
731 3627 854 3690 referunt
878 3629 950 3679 Ann.
976 3627 1094 3680 Oremon.
1123 3633 1145 3678 ei
1170 3627 1241 3680 Ann.
1268 3626 1360 3678 Parin.
1380 3640 1406 3678 as

247 3698 311 3750 mai.
326 3714 355 3763 p.
369 3698 429 3751 665.
505 3698 532 3763 5)
556 3696 752 3764 Winleelmcnn,
773 3697 891 3764 Ualeri,
910 3697 1030 3765 Philipp’
1046 3716 1074 3766 p.
1088 3700 1149 3764 344,
1169 3698 1232 3748 lenio
1248 3699 1361 3748 nimiam

247 3767 324 3832 fidem
336 3767 415 3832 dedit,
427 3784 485 3818 eum
497 3768 592 3820 diceret
603 3768 760 3820 Parmensis
772 3775 795 3820 ei
808 3769 1034 3822 Oremonenseede
1046 3770 1094 3820 noe
1104 3769 1204 3836 proelio
1217 3769 1362 3831 inferiores

247 3839 401 3902 discessisse,
426 3855 489 3890 nam
512 3845 621 3905 praeter·
644 3840 830 3906 Codaynellnm
854 3855 928 3892 neme
949 3843 1040 3908 perii's
1065 3840 1270 3892 Mediolanenses
1292 3840 1362 3890 hane

247 3911 338 3962 vicisse
362 3910 434 3962 dieii
458 3911 528 3973 (eide
547 3917 658 3978 prodier
675 3914 731 3963 iam
757 3911 869 3963 landola
887 3913 959 3965 Ann.
978 3911 1084 3966 Medici.
1104 3911 1190 3963 breves
1207 3916 1230 3963 ei
1248 3913 1363 3962 minores

244 3999 273 4048 p.
287 3984 346 4036 391.
365 3983 425 4047 397,
446 3981 523 4036 Mem.
536 3982 644 4036 Medici.
659 4000 688 4049 p.
701 3985 763 4046 400,
784 3984 855 4036 Ann.
868 3983 950 4037 Brie.
965 3999 996 4048 p.
1007 3985 1082 4049 815),
1101 3997 1160 4033 enm
1178 3983 1250 4033 Ann.
1266 3981 1359 4032 Parni.
1380 3995 1407 4032 so

248 4054 311 4105 mai.
330 4060 354 4105 ei
373 4052 491 4106 Cromen.
510 4060 534 4105 ei
554 4057 714 4120 praeeedim
732 4054 862 4105 Sienrdns
881 4061 989 4120 partem
1007 4054 1229 4105 Mediolanensem
1244 4055 1361 4118 peiorem

244 4129 350 4190 perlem
378 4127 503 4192 caepim
528 4126 658 4189 referant.
683 4125 784 4178 Alteri.
810 4124 920 4189 Milieli,
946 4124 1028 4176 Liber
1052 4124 1083 4175 de
1109 4129 1186 4191 temp.
1210 4139 1230 4178 e.
1253 4125 1313 4187 197,
1339 4130 1362 4174 ei

249 4194 347 4249 odron.
360 4195 469 4262 Mniin,
482 4196 629 4260 Metrodori,
641 4197 689 4250 SS.
702 4196 734 4247 X
738 4196 768 4261 V,
787 4195 832 4250 eol.
846 4198 907 4258 557,
926 4201 950 4247 ei
962 4195 1018 4249 Iol.
1032 4195 1063 4246 de
1075 4195 1177 4247 Milesii
1192 4196 1239 4246 eol.
1252 4197 1312 4250 457.
1332 4196 1363 4245 de

247 4269 370 4318 necinus
383 4270 476 4334 pariis
492 4269 602 4320 cedrio
620 4267 766 4334 quidquem
784 4267 903 4319 tradunt.
