3118 4840
270 268 305 321 54
430 261 620 318 IOHANNIS
640 260 888 316 OODAGNELLI
906 262 1086 318 ANNALns
1104 264 1140 318 A.
1154 266 1232 319 1216.

173 454 249 507 1216.
269 447 544 511 calefacerentur
573 449 610 510 et
639 445 908 528 disgelarentnr;
945 450 981 511 et
1016 447 1154 511 duravit
1187 446 1276 510 illud
1306 447 1391 530 gelu
1541 487 1545 604 p

268 540 341 599 tam
365 554 529 618 magnum
553 534 701 618 amplius
724 534 859 598 duobus
882 535 1067 599 mensibus.

180 647 248 686 naa.
376 622 569 696 MOOXVI,
593 623 783 687 indictione
799 622 890 699 IIII,
915 623 1263 689 cardinales1mense
1279 623 1390 687 Madii

270 713 314 776 ad
345 713 521 776 civitatem
544 711 722 775 Placentia
752 716 932 790 venerunt,
969 713 1124 777 dicentes
1155 714 1187 778 ei
1218 733 1258 778 ex
1288 716 1389 796 parte

270 801 394 865 summi
424 800 608 884 pontificis,
638 803 679 862 ut
708 802 866 883 treguam
891 801 1118 885 Papiensibns
1141 805 1301 867 tenerent
1325 821 1389 865 nec
1417 822 1434 862 s

270 910 327 955 eos
339 889 513 954 offendere
526 888 706 966 deberent;
723 889 815 970 quod
827 890 858 953 si
868 889 1036 967 facerent,
1054 911 1111 955 eos
1125 891 1389 966 interdicerent;

270 979 395 1043 deinde
425 979 563 1042 iverunt
586 977 823 1042 Mediolanum
853 979 901 1042 eis
932 979 1058 1043 similia
1087 980 1192 1044 verba
1223 979 1390 1043 dicentes.

270 1067 546 1133 Mediolanenses
570 1069 686 1130 autem
710 1070 746 1130 et
768 1066 964 1131 Placentini
987 1068 1146 1132 nolentes
1170 1088 1190 1132 a
1213 1068 1390 1152 proposito

271 1157 435 1221 desistere
470 1176 588 1220 eorum
622 1155 659 1217 in
692 1158 785 1219 terra
818 1156 1038 1239 Papiensinm
1077 1157 1252 1221 hostiliter
1286 1157 1390 1219 intra-

270 1248 404 1320 verunt,
442 1248 477 1308 et
511 1244 589 1308 ideo
624 1243 802 1308 civitatem
832 1244 1010 1310 Placentie
1040 1248 1076 1310 et
1104 1245 1295 1310 Mediolani
1325 1245 1389 1309 sub
1412 1267 1445 1304 ιο

167 1410 178 1436 ἡ
270 1334 458 1399 interdicto
481 1336 681 1416 posuerunt.

154 1411 253 1505 Mssfssgj
379 1422 521 1486 'Eodem
546 1442 647 1496 nnnc,
680 1422 735 1486 die
759 1421 851 1486 Iovis
868 1422 949 1486 VII.
975 1422 1054 1487 Kal.
1078 1423 1173 1486 Iunii
1203 1422 1331 1486 milites
1354 1427 1391 1486 et

271 1512 405 1595 pedites
436 1511 478 1574 de
509 1514 657 1593 quatuor
679 1510 788 1594 portis
812 1511 1002 1575 Mediolani
1026 1532 1102 1576 cum
1128 1512 1279 1596 deguriis
1303 1532 1392 1575 com-

271 1601 415 1664 mitatus
446 1620 564 1663 eorum
593 1599 676 1682 ipsis
706 1600 814 1683 portis
845 1601 1100 1683 pertinentibus
1130 1601 1391 1664 castramentati

270 1689 369 1754 fuere
398 1689 493 1753 ultra
522 1689 655 1752 Padum
685 1689 723 1750 in
745 1689 921 1766 Romalis,
953 1693 989 1753 et
1019 1710 1060 1753 ea
1090 1690 1145 1753 die
1179 1693 1214 1754 et
1238 1689 1306 1753 alia
1333 1690 1390 1754 die
1411 1709 1440 1748 1⁵

110 1801 252 1844 narraras.
272 1778 430 1860 sequenti
446 1797 481 1841 se
497 1777 779 1841 coadunaverunt
794 1777 933 1842 ibidem.
973 1778 1095 1842 Altera
1121 1773 1232 1860 [dieat
1257 1778 1390 1842 scilicet

273 1867 328 1930 die
352 1865 487 1929 sabbati
496 1866 517 1941 ²,
549 1865 860 1948 transpadanorunt
884 1870 919 1930 et
942 1867 1110 1951 hospitati
1132 1865 1276 1931 fuerunt
1298 1868 1392 1930 inter

273 1954 444 2018 Tidonnm
479 1957 514 2017 et
550 1954 756 2017 sarmatum.
812 1954 878 2018 Die
912 1976 993 2020 vero
1029 1956 1201 2020 dominica
1236 1956 1392 2039 proxima

156 2066 255 2108 narrar.
272 2044 442 2119 veniente,
474 2042 511 2104 in
540 2042 632 2107 festo
654 2043 781 2126 pasche
804 2046 1021 2126 pentecostes
1044 2044 1239 2109 Placentini
1262 2045 1391 2109 milites

274 2134 309 2195 et
332 2131 466 2214 pedites
490 2135 588 2214 porte
608 2131 728 2195 Sancti
744 2133 914 2196 Antonini
938 2137 973 2198 et
997 2136 1095 2217 porte
1111 2134 1208 2198 Nove
1232 2136 1268 2198 et
1291 2137 1390 2216 porte
1410 2159 1441 2198 so

274 2220 393 2284 Sancti
410 2220 588 2284 Laurentii
611 2220 654 2284 de
678 2220 818 2286 civitate
835 2221 1013 2286 Placentia
1036 2223 1195 2286 exierunt
1219 2226 1254 2286 et
1274 2243 1314 2286 ea
1333 2223 1390 2286 die

273 2309 1388 2483 titillantiainstitituitinette

157 2511 254 2553 narrar.
273 2486 384 2551 altera
418 2487 473 2551 die
508 2507 567 2550 sua
599 2486 702 2550 fixere
731 2487 883 2551 tentoria
913 2489 1004 2552 eirca
1034 2491 1185 2552 castrum
1210 2489 1389 2563 Sinriasci;

273 2577 364 2658 quod
395 2578 546 2639 castrum
570 2596 667 2638 muro
690 2575 879 2639 fortissimo
902 2577 1055 2660 undique
1080 2577 1329 2641 circumdatum
1355 2580 1390 2641 et
1410 2601 1440 2641 es

271 2664 422 2747 terragio
446 2683 581 2747 magno,
606 2663 650 2727 ab
674 2685 744 2726 uno
768 2665 880 2748 capite
904 2666 1076 2728 caminata
1099 2686 1225 2748 magna
1241 2669 1276 2730 et
1292 2687 1390 2730 rnuro

271 2753 357 2816 forti
387 2756 422 2816 et
452 2753 524 2816 alto
556 2745 789 2816 circumdatab
817 2756 892 2816 erat
927 2757 1163 2818 constructum
1195 2754 1325 2838 pariter
1355 2761 1391 2818 et

272 2841 454 2904 munitum.
483 2841 578 2904 Illnd
595 2840 731 2922 quidem
750 2840 945 2904 Placentini
969 2846 1004 2906 et
1020 2842 1295 2908 Mediolanenses
1312 2864 1390 2907 curn

272 2929 451 3012 manganis
481 2933 517 2993 et
547 2928 713 3011 predariis
742 2933 777 2992 et
800 2930 908 3012 gattis
932 2936 1216 3014 expugnaverunt
1240 2935 1275 2996 et
1298 2953 1390 2996 man-

172 3043 221 3084 run.
232 3044 251 3080 1.
272 3020 496 3100 ganaverunt.
531 3017 613 3080 Alia
636 3017 701 3094 die,
726 3017 858 3082 scilicet
881 3019 937 3083 die
953 3020 1116 3084 Mercurii
1135 3022 1245 3104 primo
1263 3021 1390 3086 mensis
1410 3045 1435 3084 ao

271 3106 375 3182 Iunii,
389 3109 538 3169 castrum
553 3104 761 3169 Golferentii
773 3107 980 3186 habuerunt,
995 3112 1146 3172 castrum
1160 3131 1239 3174 vero
1249 3110 1390 3173 Montis·

272 3194 360 3258 calvi
390 3197 426 3258 et
447 3196 579 3257 turrem
609 3213 769 3276 magnam
792 3200 959 3279 ceperunt
988 3219 1050 3280 per
1071 3198 1155 3274 vim3
1193 3198 1390 3262 habuerunt

271 3283 408 3365 quidem
426 3286 556 3346 turrem
581 3283 623 3348 de
641 3281 806 3365 *guardass
828 3285 1087 3361 fortissimam⁰‚
1112 3287 1264 3350 mirabili
1287 3287 1389 3350 modo
1408 3306 1501 3355 *nera

271 3375 514 3449 constructam,
544 3374 580 3435 et
604 3391 679 3434 eam
703 3372 884 3436 diruerunt
908 3378 943 3437 et
967 3375 1212 3439 destruxerunt
1243 3379 1279 3440 et
1308 3376 1388 3440 inci·

270 3545 292 3592 a)
306 3544 410 3593 supplevi,
424 3547 447 3582 ut
461 3544 475 3586 l.
485 3544 524 3592 30;
537 3554 578 3586 om.
591 3553 610 3582 c.
652 3541 675 3593 b)
689 3544 719 3582 sic
733 3545 819 3583 coniecit
832 3545 921 3595 Izi-Ba,
936 3547 973 3595 qni
986 3547 1073 3596 scripsit
1087 3551 1136 3586 erat
1151 3546 1325 3599 circumdatum
1340 3553 1390 3588 erat
1409 3543 1433 3584 tt

270 3597 414 3640 circinatae.
481 3597 501 3648 e)
519 3597 599 3638 emend.
613 3597 688 3644 Peren
707 3598 827 3637 fortissima
841 3599 891 3642 mlr.
904 3597 971 3639 modo
985 3604 1113 3640 constructa
1127 3612 1146 3643 c.

272 3739 298 3806 l)
314 3738 367 3790 Leo
381 3739 521 3806 presbyter
538 3739 578 3791 n‘t.
598 3738 626 3792 S.
641 3738 735 3790 Grecis
758 3745 780 3790 et
799 3741 946 3794 Reinerina
963 3742 1092 3795 diaconae
1109 3743 1136 3797 S.
1151 3743 1261 3794 Mariae
1279 3745 1308 3794 in
1328 3743 1390 3796 Oee-

270 3810 379 3871 medim,·
397 3810 432 3874 ef.
451 3809 588 3876 epistotam
606 3809 725 3861 Honorii
737 3810 791 3864 III.
815 3812 908 3863 dotem
927 3829 952 3867 a.
967 3815 1044 3868 1216.
1064 3815 1143 3881 Any„
1164 3814 1228 3867 Mo.
1242 3814 1293 3881 lop.
1307 3815 1389 3878 eel.I,

266 3883 386 3946 nera,
412 3897 456 3931 nr.
473 3883 490 3934 3
497 3897 506 3939 ;
533 3880 569 3943 cf.
588 3879 737 3931 Innocentis·
754 3881 808 3935 ΙΙΙ,
836 3883 967 3948 epr'eiolae,
993 3882 1116 3936 Potthoet
1140 3902 1183 3940 nr.
1204 3887 1283 3940 5280.
1310 3887 1388 3940 5281.

269 3953 297 4017 2)
314 3950 387 4002 Maii
403 3952 445 4002 die
463 3953 505 4006 28.
525 3950 733 4003 Mediolanenses
750 3951 855 4004 Pedum
873 3955 986 4018 fluvium
1010 3958 1151 4008 nenee'ime
1168 3957 1292 4020 referunt
1309 3958 1389 4008 etiem
1406 3969 1433 4008 40

269 4023 356 4074 Notae
374 4022 402 4073 S.
418 4022 529 4088 Georpie'
546 4021 652 4073 Medici.
667 4023 683 4074 l.
698 4023 724 4085 i,
743 4023 791 4073 nbi
807 4030 923 4090 quatuor
938 4031 1032 4092 poetae
1045 4027 1254 4080 Mediolanenses
1272 4029 1301 4078 in
1319 4027 1389 4079 hono
1490 4050 1495 4055 ·

270 4093 460 4160 expeditionem
474 4093 610 4159 profectae
627 4094 778 4146 nominatae
796 4101 866 4146 eunt.
925 4098 953 4162 3)
976 4095 1092 4150 Turrem
1111 4096 1145 4150 de
1164 4098 1191 4149 la
1213 4097 1262 4164 (lo)
1283 4096 1390 4166 guarda

269 4180 327 4216 cnm
352 4166 449 4216 cestria
473 4171 578 4230 ceptam
603 4179 656 4216 ease
680 4166 759 4215 etiem
777 4165 850 4220 Ann.
869 4167 896 4220 S,
913 4167 1023 4234 Georpie'
1040 4169 1144 4222 Medici.
1165 4170 1182 4222 l.
1203 4169 1220 4222 l.
1240 4175 1276 4237 (et
1294 4185 1327 4220 ea
1345 4169 1389 4219 hie

268 4236 341 4286 Aen.
360 4234 466 4289 Medici.
485 4236 564 4300 min.)
582 4235 704 4299 tradunt,
723 4236 791 4301 qnod
810 4235 859 4288 loci
876 4253 970 4290 nomen
989 4239 1075 4302 fuiree
1092 4256 1146 4292 non
1164 4241 1276 4295 videtur.
