3118 4840
280 1326 606 1422 ADDENDA
634 1327 717 1421 ET
746 1323 1181 1424 EMENDANDA.
1308 1347 1329 1392 θ

172 1531 1290 1684 ..6361663.6.6.66..66336.666616663ἕέ
1325 1627 1332 1642 ·

172 1689 269 1726 eorum
287 1690 303 1726 ο
378 1690 401 1728 e.

274 1691 394 1811 angl.
408 1748 450 1801 13.
470 1745 506 1795 ad
522 1747 648 1798 octavam
666 1743 753 1798 sancii
766 1743 909 1797 Michaelis
927 1747 995 1797 adde
1012 1752 1102 1798 notam
1119 1743 1289 1812 4*)00t.10.

173 1815 256 1867 etiam
273 1815 423 1883 imperator
432 1815 534 1883 Papiae
547 1814 607 1882 fuit,
627 1814 667 1870 St.
680 1833 721 1870 nr.
735 1819 805 1871 4387
817 1841 848 1859 =
862 1814 982 1886 Siumpf‚
1002 1816 1075 1870 Aeta
1087 1816 1153 1885 imp.
1167 1815 1289 1886 (Reiehs-

173 1885 284 1938 kanzler
302 1884 360 1954 ΙΠ)
376 1905 403 1954 p.
417 1889 470 1943 695
482 1903 529 1954 sq„
549 1904 590 1940 nr.
603 1889 664 1942 496.

274 1974 304 2025 p.
317 1961 361 2023 33,
382 1959 398 2012 l.
412 1961 455 2014 31.
475 1959 527 2024 leqe
544 1961 574 2009 in
592 1975 679 2024 marq.
698 1956 771 2026 Aug.
786 1960 810 2013 9.

190 2097 207 2150 d
274 2046 303 2097 p.
317 2032 360 2096 34,
381 2030 398 2085 l.
412 2031 454 2084 34.
472 2035 535 2097 post
552 2029 625 2084 Ann.
639 2027 764 2082 cremon.
784 2029 851 2082 adde
869 2031 897 2081 et
913 2045 982 2096 quae
999 2028 1102 2082 ibidem
1118 2027 1166 2084 SS.
1180 2027 1287 2084 XXXI.

172 2115 188 2150 a
209 2099 309 2154 notavi.
1355 2140 1357 2144 v

274 2189 304 2238 p.
318 2173 361 2238 58,
380 2171 397 2223 l.
411 2177 435 2227 7.
455 2173 485 2222 in
507 2188 595 2237 mara.
615 2172 668 2237 leae
685 2169 758 2239 Aug.
774 2174 816 2227 29.
832 2187 888 2239 pro
904 2171 978 2240 Aug.
994 2171 1058 2240 (30).
1079 2177 1102 2224 et
1119 2187 1172 2240 pro
1190 2176 1253 2224 nota
1272 2174 1287 2226 1

172 2241 254 2294 deleta
270 2243 323 2308 leye
337 2243 363 2310 1)
379 2239 414 2294 In
431 2240 658 2309 praecedentibus
677 2240 711 2294 de
730 2241 820 2310 aliquo
840 2241 884 2296 die
904 2242 1004 2296 erravit
1016 2241 1204 2312 Codagnellus,
1223 2259 1288 2294 nam

173 2311 226 2364 hoe
244 2310 290 2366 die
303 2313 377 2382 Aug.
390 2315 432 2368 29.
446 2314 588 2380 sequentia
606 2312 679 2366 saeta
697 2330 754 2366 ease
772 2313 896 2367 referunt
914 2314 987 2368 Ann.
1001 2313 1091 2369 Parm.
1105 2313 1167 2368 mai.
1186 2331 1213 2382 p.
1227 2315 1288 2369 666.

276 2402 306 2451 p.
319 2387 362 2451 59,
382 2385 399 2441 l.
412 2387 454 2440 30.
473 2387 504 2436 in
522 2402 609 2450 mara.
629 2387 681 2452 leqe
699 2385 772 2454 Aug.
786 2389 828 2442 30.
844 2402 898 2453 pro
916 2385 989 2454 Aug.
1003 2388 1046 2440 31.

275 2473 306 2522 p.
320 2462 362 2521 60,
380 2473 408 2510 a.
422 2459 447 2520 1,
470 2455 489 2511 l.
509 2459 551 2512 33.
571 2457 624 2508 dele
646 2456 696 2509 soli
714 2463 738 2508 et
757 2459 774 2509 l.
793 2460 836 2512 34.
855 2459 898 2512 35.
921 2473 974 2523 pro
992 2457 1040 2510 ubi
1058 2488 1093 2496 —
1111 2455 1213 2510 factam
1232 2472 1289 2510 esse

174 2527 227 2592 leqe
245 2524 318 2580 Ann.
338 2525 430 2580 Parm.
449 2526 513 2580 mai.
532 2526 550 2582 l.
567 2527 584 2580 l.

276 2616 305 2666 p.
319 2601 363 2662 95,
380 2614 408 2651 n.
423 2599 447 2661 1,
467 2599 485 2652 l.
497 2600 540 2652 38.
560 2599 629 2664 leffe:
647 2597 699 2665 ipsi
716 2597 909 2671 Bononienses.
