3112 4856
221 281 272 333 112
332 275 523 331 IOHANNIS
543 274 791 330 GODAGNELLI
809 273 991 330 Anninus
1009 277 1045 332 A.
1059 279 1138 334 1232.
1158 280 1236 334 1234.

102 442 202 559 ,ἐξῇ
219 449 402 544 timpnens
433 459 491 524 *de
521 461 597 544 ipsu
628 459 789 524 contione
820 480 898 524 oum
923 459 1096 544 aliquibus
1120 459 1345 545 popularibus

221 550 361 614 domum
384 569 483 614 suam
505 533 618 614 redite
641 531 822 613 festinem
833 547 854 610 1.

119 751 201 794 uus.
327 727 408 790 Alio
432 747 512 792 vero
536 726 592 792 die
616 726 781 791 Mercurii
797 725 920 790 VIIII.
944 726 1038 790 Iunii
1062 727 1246 812 populares
1269 727 1344 790 Ple·

221 818 335 881 centie
367 819 402 880 et
426 814 674 880 Cremonenses
705 815 880 880 hostiliter
910 836 988 880 oum
1018 815 1113 880 tubis
1144 819 1179 881 et
1207 816 1381 882 eerioliss

220 907 438 969 intraverunt
460 905 498 968 in
520 894 650 969 terrem
667 897 867 969 Florenndle
884 908 920 970 et
944 906 1113 988 hospitati
1135 906 1280 970 fuerunt
1304 925 1345 969 ee
1426 885 1451 950 ὅ

221 995 277 1059 die
301 994 411 1078 primo
435 994 472 1056 in
496 996 655 1058 contrata
678 994 721 1058 de
744 994 1028 1074 Rooheforteyet
1051 1014 1092 1058 es
1115 994 1171 1059 die
1195 995 1344 1078 depopu-
1425 985 1513 1078 ΜΓ·

221 1083 286 1146 leti
309 1083 453 1147 fuerunt
476 1083 568 1147 inter
583 1083 713 1146 Ardsm
738 1086 773 1147 et
789 1083 962 1167 hospitale
978 1084 1180 1148 Medonerie
1197 1083 1344 1166 desuper

221 1175 366 1236 stratum
397 1175 433 1236 et
457 1172 623 1236 desubtus
647 1192 755 1254 usque
779 1173 824 1236 sd
847 1172 1196 1236 Rivum⁸·meuenum
1221 1175 1257 1237 et
1279 1172 1343 1236 Ro·

221 1282 353 1337 senum,
378 1263 414 1326 et
438 1260 672 1324 conbuserunt
695 1261 834 1324 domum
865 1262 1015 1325 fratrum
1038 1261 1343 1326 Heremitenorum
1364 1286 1391 1326 ιο

108 1374 160 1414 ru..
171 1375 203 1416 10,
222 1353 257 1415 et
292 1350 377 1413 elius
412 1370 515 1432 quem
545 1350 661 1434 plures
692 1350 811 1414 domos
841 1353 877 1414 et
905 1343 1132 1441 molendineffl
1161 1350 1228 1414 Die
1252 1349 1344 1413 Iovis
1411 1340 1466 1456 ῃ

222 1439 380 1522 sequenti
404 1442 625 1503 mutaverunt
649 1442 762 1503 cestre
788 1439 881 1503 inter
904 1439 1052 1522 burgum
1083 1440 1126 1504 de
1152 1431 1339 1503 vicaninob

222 1532 257 1593 et
274 1527 459 1611 Vignolam
478 1531 514 1592 et
530 1530 780 1612 gusstsverunt
795 1528 922 1600 vineas,
948 1531 1091 1611 segetes,
1116 1530 1226 1611 prete,
1251 1527 1344 1610 legu-

221 1618 315 1681 mine
338 1619 374 1681 et
397 1609 622 1698 molendinaj
654 1638 697 1681 ue
721 1620 820 1680 erant
842 1617 880 1679 in
903 1616 1134 1692 Rivomsiori,
1167 1619 1202 1680 et
1226 1617 1343 1680 domos
1379 1551 1487 1696 lm

107 1731 201 1773 unu.
221 1728 323 1790 quem
355 1701 471 1789 pldres
503 1638 745 1770 conbus2runt.
792 1706 859 1770 Die
875 1704 1019 1771 Veneris
1041 1706 1196 1770 venienti
1220 1705 1343 1769 oonbu·
1364 1729 1391 1768 ιι
1425 1713 1445 1780 A

108 1867 115 1875 ,
222 1799 341 1860 serunt
370 1795 490 1858 villum
521 1794 563 1859 de
587 1794 820 1859 Luserssoho⁰
854 1797 890 1858 et
920 1796 1038 1859 domos
1070 1795 1112 1859 de
1129 1794 1278 1878 Vignolu
1308 1797 1344 1858 et

222 1884 426 1968 depopulati
448 1883 593 1947 fuerunt
615 1884 742 1960 vinens,
776 1886 910 1967 segetes
939 1887 974 1948 et
997 1884 1175 1967 legumine
1198 1884 1344 1966 desuper

222 1994 243 2036 e
265 1976 376 2036 strata
399 1993 420 2035 e
443 1973 544 2035 domo
567 1972 805 2035 infirmornm⁸
827 1992 935 2055 usque
966 1973 1010 2036 ad
1041 1973 1179 2036 domum
1206 1973 1249 2036 de
1272 1972 1343 2034 Bri-

110 2088 202 2130 num.
221 2083 311 2125 xsns
344 2062 382 2123 in
416 2060 737 2145 Mille-partibus]
766 2060 832 2124 Die
867 2061 1004 2126 subbati
1038 2062 1197 2144 sequenti
1235 2081 1343 2125 sumo·
1380 2047 1495 2148 ῙΜ(

222 2140 347 2216 verunt
369 2138 522 2214 teutdris
545 2153 581 2214 et
604 2151 865 2214 castramentati
887 2151 1032 2215 fuerunt
1047 2151 1214 2215 desubtus
1231 2171 1251 2214 s
1267 2150 1343 2213 loeo
1362 2174 1390 2212 ro
1438 2150 1467 2209 t

223 2239 422 2304 Florenzole
438 2239 483 2302 sd
499 2239 732 2316 Pontanena-s,
758 2243 794 2304 et
818 2259 859 2304 es
882 2240 937 2304 die
954 2240 1206 2304 conbusserunt
1224 2238 1343 2302 villam

223 2330 265 2393 de
289 2328 379 2393 Seno
403 2332 439 2393 et
461 2328 578 2392 villum
605 2328 647 2392 de
668 2329 830 2392 Beserios
853 2332 888 2392 et
912 2329 1031 2392 domos
1055 2328 1098 2392 de
1115 2328 1284 2411 Bagnello
1308 2330 1344 2391 et

223 2418 426 2502 depopulati
447 2417 591 2482 fuerunt
615 2420 747 2500 segetes
772 2421 808 2482 et
823 2417 1008 2501 legumine,
1033 2419 1135 2501 prete
1151 2420 1188 2481 et
1205 2417 1343 2480 arbores

108 2533 203 2576 ιιι,
222 2508 390 2572 desubtus
413 2509 556 2570 suatum
581 2509 617 2571 et
640 2507 788 2591 desuper
810 2506 854 2569 sd
870 2489 1121 2570 nti-selsam.
1159 2506 1223 2570 me
1240 2505 1343 2570 domi·
1440 2477 1521 2582 ²⁴¹·st

221 2598 301 2661 nico
316 2596 471 2660 venienti
491 2616 624 2659 summo
648 2594 804 2659 diluculo
820 2598 934 2659 osstrs
949 2598 1125 2659 moventes
1141 2595 1209 2659 iter
1225 2615 1342 2659 eorum
1362 2617 1389 2657 ss
1441 2665 1463 2724 ᾖ

194 2665 267 2749 ,ad
290 2671 428 2768 pro‘priu
452 2677 662 2748 direxerunt.

108 2909 204 2951 Μ
331 2862 411 2926 *Die
435 2860 579 2926 Veneris
602 2862 712 2944 pridie
736 2861 816 2924 Kal.
841 2861 925 2925 Iulii
948 2861 1076 2926 milites
1107 2864 1142 2925 et
1166 2861 1344 2925 bulestsrii
1363 2877 1456 2927 *nus

101 2976 203 3028 teron.
223 2952 408 3015 existentes
439 2950 475 3012 iu
498 2949 696 3034 Rivslgerio
721 2950 779 3014 *ad
802 2950 921 3014 villam
952 2951 995 3014 de
1019 2950 1131 3014 ossele
1156 2950 1198 3014 de
1222 2949 1344 3013 Poten-

222 3041 319 3103 tieno
343 3037 613 3121 equitaverunt]
627 3060 730 3122 quam
757 3039 874 3103 villam
899 3042 935 3103 et
958 3042 1092 3123 segetes
1115 3023 1195 3122 igne
1219 3058 1344 3103 oreme-
1363 3063 1390 3101 so
1413 3018 1466 3125 17

129 3159 173 3199 ru.
183 3159 203 3196 1.
222 3127 357 3193 verunt.
404 3127 470 3192 Die
501 3127 638 3192 subbati
667 3129 778 3213 primo
806 3129 932 3193 menni
956 3129 1039 3191 Iulii
1070 3128 1266 3210 equitantes
1289 3128 1343 3191 de·
1420 3134 1438 3196 ι

223 3218 346 3282 subtus
375 3220 411 3282 et
442 3237 545 3301 supru
568 3238 630 3301 per
653 3237 875 3302 esmpsnesm
898 3217 1076 3281 Pleoentie
1107 3219 1142 3280 et
1172 3236 1280 3298 usque
1306 3216 1344 3277 in

222 3307 379 3372 Treviam
412 3307 531 3370 domos
562 3309 597 3370 et
628 3310 760 3391 segetes
791 3309 827 3371 et
856 3307 976 3372 fenum
1006 3309 1043 3370 et
1071 3306 1156 3369 alius
1186 3326 1240 3369 res
1269 3305 1344 3369 iere

223 3416 330 3479 usque
361 3396 406 3459 ad
436 3396 613 3460 civitatem
642 3397 876 3460 conbuserunt
904 3399 939 3460 et
963 3382 1166 3478 depopultti
1188 3383 1343 3458 fuerunt.
1422 3383 1440 3451 i

130 3513 206 3557 zur,
223 3484 290 3549 Die
320 3484 492 3548 dominico
523 3485 673 3549 seeundo
704 3485 830 3549 mensis
860 3484 944 3547 Iulii
972 3484 1101 3548 milites
1132 3485 1167 3548 et
1197 3483 1341 3566 pedites,
1362 3506 1390 3546 ss

223 3624 246 3670 a)
263 3621 386 3666 emendavi:
405 3631 473 3659 unum
487 3632 518 3669 r.,·
536 3595 565 3668 ri.
579 3632 650 3670 supra
659 3633 685 3670 p.
696 3621 730 3669 66,
745 3633 766 3661 n.
778 3621 800 3661 d.
864 3621 887 3670 b)
905 3621 936 3659 sle
950 3621 983 3658 vet
996 3621 1101 3659 vieuuino
1116 3621 1139 3659 ln
1152 3621 1198 3662 eod.
1211 3620 1254 3669 teat
1263 3622 1343 3668 potest.

223 3675 244 3725 e)
264 3676 295 3713 ste
313 3675 470 3713 emendandum
488 3685 532 3714 esse
551 3679 606 3714 reete
619 3676 700 3724 mucul
718 3675 784 3713 dubio
803 3675 917 3713 adnotavit
931 3674 1051 3722 Pottastr.,·
1071 3674 1149 3712 villum
1162 3671 1300 3713 deletrsseho
1313 3683 1344 3717 r.,·

223 3729 252 3776 ef.
265 3739 335 3778 supra
344 3739 370 3776 p.
380 3728 414 3775 67,
428 3728 442 3770 t.
452 3728 472 3769 9.

225 3836 251 3904 1)
274 3836 363 3888 Plura
388 3838 419 3888 de
436 3837 487 3888 nae
504 3835 630 3887 seditione
643 3837 754 3902 praehet
771 3835 829 3889 Joe.
848 3836 880 3888 de
897 3835 1008 3901 Murus,
1027 3837 1174 3900 Muretorr',
1193 3835 1241 3889 SS.
1260 3833 1341 3899 XVI,

223 3908 271 3962 eol.
283 3910 338 3962 460
349 3923 397 3974 sq„
416 3908 464 3974 SS.
483 3907 515 3959 X
518 3907 597 3971 VIII,
611 3924 641 3974 p.
654 3909 709 3962 454
720 3924 759 3974 sq.
777 3914 822 3972 (=
843 3908 985 3973 Apuzsem‘
997 3924 1027 3974 p.
1041 3908 1149 3974 24sq.).
1185 3905 1343 3958 Guillelmue
1360 3923 1389 3962 ιο

223 3980 255 4031 de
266 3980 368 4031 Audito
383 3979 440 4043 suit
456 3980 514 4030 dus
522 3978 615 4044 partie
622 3985 716 4046 postea
727 3979 812 4030 diotae
826 3979 981 4043 thellinue
995 3979 1118 4046 plerique
1129 3978 1227 4030 milites
1234 3981 1343 4044 purtem

226 4050 370 4115 Guelfieum
390 4050 573 4117 sequebantur.
628 4051 656 4116 2)
675 4050 764 4100 Multa
777 4055 840 4117 post
858 4050 929 4102 hune
947 4050 1029 4102 lorum
1047 4053 1077 4101 iu
1095 4049 1178 4102 rodus
1191 4047 1344 4113 Oodapnellr'

224 4124 323 4174 omissa
340 4137 393 4174 esse
406 4128 495 4189 putet;
519 4122 554 4184 cf.
570 4122 661 4188 prees.
677 4139 706 4189 p.
721 4121 794 4172 XIV
800 4136 837 4188 sq.
892 4123 921 4189 3)
939 4119 1046 4174 Domus
1060 4121 1233 4185 infirmorum
1247 4117 1344 4185 proteu

223 4193 303 4245 dubio
320 4198 358 4245 est
375 4193 432 4245 San
451 4193 576 4244 Laesero
595 4192 631 4244 ud
648 4194 720 4243 vium
738 4193 881 4244 Aerntltem
895 4207 982 4259 prope
999 4192 1195 4258 B'torenzolum,
1216 4191 1342 4242 orientem

224 4270 247 4316 et
265 4264 401 4315 meru'du'em
418 4280 509 4316 rernm
527 4265 561 4316 ab
579 4264 629 4315 tur
646 4266 750 4315 ciuitate
767 4266 857 4330 eitum,
876 4279 936 4314 oum
953 4269 1042 4316 urata
1059 4265 1095 4316 stt
1112 4264 1156 4315 utu
1174 4261 1299 4315 Aemilia.
1361 4278 1388 4317 ιιι
