<?xml version="1.0" encoding="UTF-8"?>
<!DOCTYPE html PUBLIC "-//W3C//DTD XHTML 1.0 Transitional//EN"
    "http://www.w3.org/TR/xhtml1/DTD/xhtml1-transitional.dtd">
<html xmlns="http://www.w3.org/1999/xhtml" xml:lang="en" lang="en">
 <head>
  <title>
</title>
<meta http-equiv="Content-Type" content="text/html;charset=utf-8" />
  <meta name='ocr-system' content='tesseract 3.04.00' />
  <meta name='ocr-capabilities' content='ocr_page ocr_carea ocr_par ocr_line ocrx_word'/>
</head>
<body>
  <div class='ocr_page' id='page_1' title='image "./iohanniscodagne01codagoog_0023.png"; bbox 0 0 3118 4840; ppageno 0'>
   <div class='ocr_carea' id='block_1_1' title="bbox 710 245 1384 302">
    <p class='ocr_par' dir='ltr' id='par_1_1' title="bbox 710 245 1384 302">
     <span class='ocr_line' id='line_1_1' title="bbox 710 245 1384 302; baseline 0.001 -2"><span class='ocrx_word' id='word_1_1' title='bbox 710 245 938 302; x_wconf 81' lang='lat' dir='ltr'><strong>PRAEFATIO.</strong></span> <span class='ocrx_word' id='word_1_2' title='bbox 1311 247 1384 301; x_wconf 89' lang='lat' dir='ltr'><em>XIX</em></span> 
     </span>
    </p>
   </div>
   <div class='ocr_carea' id='block_1_2' title="bbox 187 427 1386 2271">
    <p class='ocr_par' dir='ltr' id='par_1_2' title="bbox 187 427 1386 1648">
     <span class='ocr_line' id='line_1_2' title="bbox 266 427 1383 512; baseline 0 -18"><span class='ocrx_word' id='word_1_3' title='bbox 266 428 369 512; x_wconf 87' lang='lat' dir='ltr'><em>siquis</em></span> <span class='ocrx_word' id='word_1_4' title='bbox 396 428 642 512; x_wconf 81' lang='lat' dir='ltr'><em>interpunnerit,</em></span> <span class='ocrx_word' id='word_1_5' title='bbox 668 427 790 493; x_wconf 83' lang='lat' dir='ltr'><em>Pertaii</em></span> <span class='ocrx_word' id='word_1_6' title='bbox 812 427 973 493; x_wconf 77' lang='lat' dir='ltr'><em>distinctio</em></span> <span class='ocrx_word' id='word_1_7' title='bbox 1001 428 1128 493; x_wconf 93' lang='lat' dir='ltr'><em>omnino</em></span> <span class='ocrx_word' id='word_1_8' title='bbox 1150 428 1237 494; x_wconf 89' lang='lat' dir='ltr'><em>iusta</em></span> <span class='ocrx_word' id='word_1_9' title='bbox 1259 429 1383 494; x_wconf 89' lang='lat' dir='ltr'><em>ratione</em></span> 
     </span>
     <span class='ocr_line' id='line_1_3' title="bbox 268 515 1383 599; baseline -0.002 -15"><span class='ocrx_word' id='word_1_10' title='bbox 268 525 353 584; x_wconf 87' lang='lat' dir='ltr'><em>earet</em></span> <span class='ocrx_word' id='word_1_11' title='bbox 368 525 397 584; x_wconf 90' lang='lat' dir='ltr'><em>et</em></span> <span class='ocrx_word' id='word_1_12' title='bbox 411 539 633 599; x_wconf 74' lang='lat' dir='ltr'><em>nonnusquam</em></span> <span class='ocrx_word' id='word_1_13' title='bbox 651 537 776 582; x_wconf 91' lang='lat' dir='ltr'><em>sensum</em></span> <span class='ocrx_word' id='word_1_14' title='bbox 789 515 931 598; x_wconf 87' lang='lat' dir='ltr'><em>qraaiter</em></span> <span class='ocrx_word' id='word_1_15' title='bbox 949 517 1049 582; x_wconf 82' lang='lat' dir='ltr'><em>laesit.</em></span> <span class='ocrx_word' id='word_1_16' title='bbox 1086 517 1190 582; x_wconf 81' lang='lat' dir='ltr'><em>Situm</em></span> <span class='ocrx_word' id='word_1_17' title='bbox 1205 525 1234 582; x_wconf 86' lang='lat' dir='ltr'><em>ei</em></span> <span class='ocrx_word' id='word_1_18' title='bbox 1251 519 1383 583; x_wconf 91' lang='lat' dir='ltr'><em>uomina</em></span> 
     </span>
     <span class='ocr_line' id='line_1_4' title="bbox 266 604 1384 673; baseline -0.001 -1"><span class='ocrx_word' id='word_1_19' title='bbox 266 607 507 673; x_wconf 91' lang='lat' dir='ltr'><em>innumerorum</em></span> <span class='ocrx_word' id='word_1_20' title='bbox 523 607 658 671; x_wconf 84' lang='lat' dir='ltr'><em>iocorum</em></span> <span class='ocrx_word' id='word_1_21' title='bbox 676 605 713 670; x_wconf 89' lang='lat' dir='ltr'><em>in</em></span> <span class='ocrx_word' id='word_1_22' title='bbox 728 604 779 669; x_wconf 82' lang='lat' dir='ltr'><em>his</em></span> <span class='ocrx_word' id='word_1_23' title='bbox 795 604 978 670; x_wconf 84' lang='lat' dir='ltr'><em>Annalibus</em></span> <span class='ocrx_word' id='word_1_24' title='bbox 993 605 1147 671; x_wconf 80' lang='lat' dir='ltr'><em>dictorum</em></span> <span class='ocrx_word' id='word_1_25' title='bbox 1163 606 1264 671; x_wconf 81' lang='lat' dir='ltr'><em>editor</em></span> <span class='ocrx_word' id='word_1_26' title='bbox 1279 614 1384 672; x_wconf 89' lang='lat' dir='ltr'><em>noster</em></span> 
     </span>
     <span class='ocr_line' id='line_1_5' title="bbox 267 693 1381 776; baseline -0.001 -15"><span class='ocrx_word' id='word_1_27' title='bbox 267 717 333 761; x_wconf 93' lang='lat' dir='ltr'><em>non</em></span> <span class='ocrx_word' id='word_1_28' title='bbox 348 695 473 761; x_wconf 91' lang='lat' dir='ltr'><em>ouraoit</em></span> <span class='ocrx_word' id='word_1_29' title='bbox 493 695 621 776; x_wconf 90' lang='lat' dir='ltr'><em>ideoque</em></span> <span class='ocrx_word' id='word_1_30' title='bbox 643 695 726 759; x_wconf 89' lang='lat' dir='ltr'><em>mate</em></span> <span class='ocrx_word' id='word_1_31' title='bbox 748 693 908 775; x_wconf 84' lang='lat' dir='ltr'><em>enpressit,</em></span> <span class='ocrx_word' id='word_1_32' title='bbox 931 701 967 758; x_wconf 92' lang='lat' dir='ltr'><em>nt</em></span> <span class='ocrx_word' id='word_1_33' title='bbox 989 715 1054 759; x_wconf 93' lang='lat' dir='ltr'><em>non</em></span> <span class='ocrx_word' id='word_1_34' title='bbox 1069 695 1249 776; x_wconf 73' lang='lat' dir='ltr'><strong><em>perspicere</em></strong></span> <span class='ocrx_word' id='word_1_35' title='bbox 1265 696 1381 776; x_wconf 88' lang='lat' dir='ltr'><em>possis,</em></span> 
     </span>
     <span class='ocr_line' id='line_1_6' title="bbox 187 781 1383 866; baseline -0.002 -17"><span class='ocrx_word' id='word_1_36' title='bbox 187 825 192 836; x_wconf 63' lang='lat'>=</span> <span class='ocrx_word' id='word_1_37' title='bbox 267 785 351 866; x_wconf 89' lang='lat' dir='ltr'><em>qnod</em></span> <span class='ocrx_word' id='word_1_38' title='bbox 368 783 427 850; x_wconf 86' lang='lat' dir='ltr'><em>toei</em></span> <span class='ocrx_word' id='word_1_39' title='bbox 445 805 557 848; x_wconf 93' lang='lat' dir='ltr'><em>nomen</em></span> <span class='ocrx_word' id='word_1_40' title='bbox 575 783 625 864; x_wconf 81' lang='lat' dir='ltr'><em>sit,</em></span> <span class='ocrx_word' id='word_1_41' title='bbox 642 790 755 848; x_wconf 84' lang='lat' dir='ltr'><em>etcum</em></span> <span class='ocrx_word' id='word_1_42' title='bbox 770 782 800 846; x_wconf 85' lang='lat' dir='ltr'><em>is</em></span> <span class='ocrx_word' id='word_1_43' title='bbox 815 781 871 865; x_wconf 90' lang='lat' dir='ltr'><em>qni</em></span> <span class='ocrx_word' id='word_1_44' title='bbox 888 782 1025 848; x_wconf 87' lang='lat' dir='ltr'><em>indioem</em></span> <span class='ocrx_word' id='word_1_45' title='bbox 1047 783 1217 848; x_wconf 82' lang='lat' dir='ltr'><em>voluminis</em></span> <span class='ocrx_word' id='word_1_46' title='bbox 1234 784 1383 850; x_wconf 85' lang='lat' dir='ltr'><strong><em>XVIII.</em></strong></span> 
     </span>
     <span class='ocr_line' id='line_1_7' title="bbox 270 871 1383 955; baseline -0.001 -16"><span class='ocrx_word' id='word_1_47' title='bbox 270 873 467 955; x_wconf 74' lang='lat' dir='ltr'><em>Scriptorum</em></span> <span class='ocrx_word' id='word_1_48' title='bbox 482 871 748 954; x_wconf 83' lang='lat' dir='ltr'><em>neplepentissime</em></span> <span class='ocrx_word' id='word_1_49' title='bbox 760 871 894 951; x_wconf 80' lang='lat' dir='ltr'><em>eonfeeit</em></span> <span class='ocrx_word' id='word_1_50' title='bbox 904 872 980 938; x_wconf 80' lang='lat' dir='ltr'><em>daeo</em></span> <span class='ocrx_word' id='word_1_51' title='bbox 991 893 1055 937; x_wconf 94' lang='lat' dir='ltr'><em>uon</em></span> <span class='ocrx_word' id='word_1_52' title='bbox 1069 871 1173 954; x_wconf 87' lang='lat' dir='ltr'><em>maqis</em></span> <span class='ocrx_word' id='word_1_53' title='bbox 1184 879 1319 954; x_wconf 84' lang='lat' dir='ltr'><em>curaret,</em></span> <span class='ocrx_word' id='word_1_54' title='bbox 1335 873 1383 938; x_wconf 93' lang='lat' dir='ltr'><em>in·</em></span> 
     </span>
     <span class='ocr_line' id='line_1_8' title="bbox 266 959 1385 1044; baseline -0.002 -16"><span class='ocrx_word' id='word_1_55' title='bbox 266 983 343 1044; x_wconf 82' lang='lat' dir='ltr'><em>pens</em></span> <span class='ocrx_word' id='word_1_56' title='bbox 360 961 559 1043; x_wconf 76' lang='lat' dir='ltr'><em>perturbatio</em></span> <span class='ocrx_word' id='word_1_57' title='bbox 582 967 674 1042; x_wconf 93' lang='lat' dir='ltr'><em>atque</em></span> <span class='ocrx_word' id='word_1_58' title='bbox 697 959 841 1040; x_wconf 82' lang='lat' dir='ltr'><em>confusio</em></span> <span class='ocrx_word' id='word_1_59' title='bbox 864 961 1001 1025; x_wconf 86' lang='lat' dir='ltr'><em>toomum</em></span> <span class='ocrx_word' id='word_1_60' title='bbox 1023 961 1069 1026; x_wconf 83' lang='lat' dir='ltr'><em>ibi</em></span> <span class='ocrx_word' id='word_1_61' title='bbox 1086 960 1176 1040; x_wconf 77' lang='lat' dir='ltr'><em>faeta</em></span> <span class='ocrx_word' id='word_1_62' title='bbox 1191 967 1244 1043; x_wconf 81' lang='lat' dir='ltr'><em>est,</em></span> <span class='ocrx_word' id='word_1_63' title='bbox 1268 961 1306 1026; x_wconf 93' lang='lat' dir='ltr'><em>in</em></span> <span class='ocrx_word' id='word_1_64' title='bbox 1320 983 1385 1043; x_wconf 93' lang='lat' dir='ltr'><em>qua</em></span> 
     </span>
     <span class='ocr_line' id='line_1_9' title="bbox 268 1049 1386 1132; baseline 0 -17"><span class='ocrx_word' id='word_1_65' title='bbox 268 1050 457 1132; x_wconf 84' lang='lat' dir='ltr'><em>eupliaanda</em></span> <span class='ocrx_word' id='word_1_66' title='bbox 472 1071 550 1115; x_wconf 94' lang='lat' dir='ltr'><em>sane</em></span> <span class='ocrx_word' id='word_1_67' title='bbox 564 1049 631 1114; x_wconf 90' lang='lat' dir='ltr'><em>iam</em></span> <span class='ocrx_word' id='word_1_68' title='bbox 642 1050 733 1114; x_wconf 87' lang='lat' dir='ltr'><em>mutti</em></span> <span class='ocrx_word' id='word_1_69' title='bbox 744 1050 870 1114; x_wconf 82' lang='lat' dir='ltr'><em>lectores</em></span> <span class='ocrx_word' id='word_1_70' title='bbox 885 1055 921 1113; x_wconf 92' lang='lat' dir='ltr'><em>ut</em></span> <span class='ocrx_word' id='word_1_71' title='bbox 933 1071 986 1132; x_wconf 83' lang='lat' dir='ltr'><em>eqo</em></span> <span class='ocrx_word' id='word_1_72' title='bbox 997 1049 1152 1115; x_wconf 83' lang='lat' dir='ltr'><em>multoties</em></span> <span class='ocrx_word' id='word_1_73' title='bbox 1164 1056 1281 1132; x_wconf 88' lang='lat' dir='ltr'><em>tempus</em></span> <span class='ocrx_word' id='word_1_74' title='bbox 1292 1056 1386 1132; x_wconf 92' lang='lat' dir='ltr'><em>atque</em></span> 
     </span>
     <span class='ocr_line' id='line_1_10' title="bbox 269 1137 1386 1220; baseline 0.001 -17"><span class='ocrx_word' id='word_1_75' title='bbox 269 1161 396 1220; x_wconf 92' lang='lat' dir='ltr'><em>operam</em></span> <span class='ocrx_word' id='word_1_76' title='bbox 404 1139 624 1220; x_wconf 85' lang='lat' dir='ltr'><em>perdiderunt.</em></span> <span class='ocrx_word' id='word_1_77' title='bbox 660 1137 780 1203; x_wconf 82' lang='lat' dir='ltr'><em>Fateor</em></span> <span class='ocrx_word' id='word_1_78' title='bbox 794 1159 843 1202; x_wconf 94' lang='lat' dir='ltr'><em>me</em></span> <span class='ocrx_word' id='word_1_79' title='bbox 860 1158 952 1218; x_wconf 91' lang='lat' dir='ltr'><em>saepe</em></span> <span class='ocrx_word' id='word_1_80' title='bbox 967 1138 1104 1203; x_wconf 78' lang='lat' dir='ltr'><em>doluisse</em></span> <span class='ocrx_word' id='word_1_81' title='bbox 1118 1140 1156 1203; x_wconf 91' lang='lat' dir='ltr'><em>de</em></span> <span class='ocrx_word' id='word_1_82' title='bbox 1171 1139 1231 1203; x_wconf 79' lang='lat' dir='ltr'><em>naa</em></span> <span class='ocrx_word' id='word_1_83' title='bbox 1248 1139 1386 1204; x_wconf 85' lang='lat' dir='ltr'><em>editione</em></span> 
     </span>
     <span class='ocr_line' id='line_1_11' title="bbox 267 1225 1382 1310; baseline 0 -18"><span class='ocrx_word' id='word_1_84' title='bbox 267 1228 352 1292; x_wconf 92' lang='lat' dir='ltr'><em>inter</em></span> <span class='ocrx_word' id='word_1_85' title='bbox 381 1228 592 1292; x_wconf 89' lang='lat' dir='ltr'><em>Monumenta</em></span> <span class='ocrx_word' id='word_1_86' title='bbox 626 1226 820 1292; x_wconf 77' lang='lat' dir='ltr'><em>Gerrnauiae</em></span> <span class='ocrx_word' id='word_1_87' title='bbox 849 1225 1002 1292; x_wconf 77' lang='lat' dir='ltr'><em>historica</em></span> <span class='ocrx_word' id='word_1_88' title='bbox 1031 1227 1227 1309; x_wconf 81' lang='lat' dir='ltr'><em>nepteqenter</em></span> <span class='ocrx_word' id='word_1_89' title='bbox 1251 1235 1382 1310; x_wconf 82' lang='lat' dir='ltr'><em>parata,</em></span> 
     </span>
     <span class='ocr_line' id='line_1_12' title="bbox 267 1315 1386 1398; baseline 0.001 -18"><span class='ocrx_word' id='word_1_90' title='bbox 267 1317 351 1381; x_wconf 92' lang='lat' dir='ltr'><em>unde</em></span> <span class='ocrx_word' id='word_1_91' title='bbox 368 1317 537 1398; x_wconf 81' lang='lat' dir='ltr'><em>somptores</em></span> <span class='ocrx_word' id='word_1_92' title='bbox 551 1316 685 1381; x_wconf 88' lang='lat' dir='ltr'><em>Itatieos</em></span> <span class='ocrx_word' id='word_1_93' title='bbox 701 1315 820 1381; x_wconf 87' lang='lat' dir='ltr'><em>saeouti</em></span> <span class='ocrx_word' id='word_1_94' title='bbox 837 1315 948 1379; x_wconf 86' lang='lat' dir='ltr'><strong><em>XIII.</em></strong></span> <span class='ocrx_word' id='word_1_95' title='bbox 968 1317 1102 1381; x_wconf 91' lang='lat' dir='ltr'><em>edendos</em></span> <span class='ocrx_word' id='word_1_96' title='bbox 1120 1337 1287 1398; x_wconf 82' lang='lat' dir='ltr'><em>oppressus</em></span> <span class='ocrx_word' id='word_1_97' title='bbox 1301 1316 1386 1381; x_wconf 80' lang='lat' dir='ltr'><em>dana</em></span> 
     </span>
     <span class='ocr_line' id='line_1_13' title="bbox 267 1403 1385 1488; baseline -0.001 -18"><span class='ocrx_word' id='word_1_98' title='bbox 267 1409 484 1471; x_wconf 84' lang='lat' dir='ltr'><em>renouandam</em></span> <span class='ocrx_word' id='word_1_99' title='bbox 506 1426 570 1470; x_wconf 89' lang='lat' dir='ltr'><em>esse</em></span> <span class='ocrx_word' id='word_1_100' title='bbox 593 1405 647 1484; x_wconf 80' lang='lat' dir='ltr'><em>fas</em></span> <span class='ocrx_word' id='word_1_101' title='bbox 670 1403 756 1485; x_wconf 85' lang='lat' dir='ltr'><em>duni,</em></span> <span class='ocrx_word' id='word_1_102' title='bbox 775 1403 979 1488; x_wconf 88' lang='lat' dir='ltr'><em>potissimum</em></span> <span class='ocrx_word' id='word_1_103' title='bbox 1000 1411 1037 1468; x_wconf 93' lang='lat' dir='ltr'><em>ut</em></span> <span class='ocrx_word' id='word_1_104' title='bbox 1057 1411 1217 1485; x_wconf 79' lang='lat' dir='ltr'><em>sequentes</em></span> <span class='ocrx_word' id='word_1_105' title='bbox 1232 1403 1385 1469; x_wconf 89' lang='lat' dir='ltr'><em>editiones</em></span> 
     </span>
     <span class='ocr_line' id='line_1_14' title="bbox 269 1493 1383 1575; baseline -0.001 -16"><span class='ocrx_word' id='word_1_106' title='bbox 269 1515 316 1558; x_wconf 93' lang='lat' dir='ltr'><em>me</em></span> <span class='ocrx_word' id='word_1_107' title='bbox 333 1501 530 1575; x_wconf 92' lang='lat' dir='ltr'><em>paraturum</em></span> <span class='ocrx_word' id='word_1_108' title='bbox 552 1494 621 1574; x_wconf 76' lang='lat' dir='ltr'><em>itae,</em></span> <span class='ocrx_word' id='word_1_109' title='bbox 651 1494 695 1558; x_wconf 93' lang='lat' dir='ltr'><em>ad</em></span> <span class='ocrx_word' id='word_1_110' title='bbox 722 1513 817 1574; x_wconf 94' lang='lat' dir='ltr'><em>quam</em></span> <span class='ocrx_word' id='word_1_111' title='bbox 846 1515 937 1574; x_wconf 91' lang='lat' dir='ltr'><em>saepe</em></span> <span class='ocrx_word' id='word_1_112' title='bbox 961 1494 1087 1558; x_wconf 79' lang='lat' dir='ltr'><em>tectores</em></span> <span class='ocrx_word' id='word_1_113' title='bbox 1109 1493 1279 1558; x_wconf 80' lang='lat' dir='ltr'><em>reuocandi</em></span> <span class='ocrx_word' id='word_1_114' title='bbox 1301 1500 1383 1574; x_wconf 85' lang='lat' dir='ltr'><em>sunt,</em></span> 
     </span>
     <span class='ocr_line' id='line_1_15' title="bbox 222 1583 1321 1648; baseline 0 -2"><span class='ocrx_word' id='word_1_115' title='bbox 222 1628 230 1645; x_wconf 91' lang='lat'><strong>.</strong></span> <span class='ocrx_word' id='word_1_116' title='bbox 268 1584 411 1648; x_wconf 79' lang='lat' dir='ltr'><em>absoluta</em></span> <span class='ocrx_word' id='word_1_117' title='bbox 434 1583 629 1648; x_wconf 87' lang='lat' dir='ltr'><em>adiuuarem.</em></span> <span class='ocrx_word' id='word_1_118' title='bbox 1317 1611 1321 1619; x_wconf 93' lang='lat'>·</span> 
     </span>
    </p>

    <p class='ocr_par' dir='ltr' id='par_1_3' title="bbox 262 1669 1386 2110">
     <span class='ocr_line' id='line_1_16' title="bbox 373 1669 1386 1753; baseline 0.001 -17"><span class='ocrx_word' id='word_1_119' title='bbox 373 1672 510 1736; x_wconf 85' lang='lat' dir='ltr'><em>Librum</em></span> <span class='ocrx_word' id='word_1_120' title='bbox 525 1669 715 1735; x_wconf 89' lang='lat' dir='ltr'><em>Parisinum</em></span> <span class='ocrx_word' id='word_1_121' title='bbox 733 1677 769 1735; x_wconf 93' lang='lat' dir='ltr'><em>ut</em></span> <span class='ocrx_word' id='word_1_122' title='bbox 786 1671 831 1734; x_wconf 93' lang='lat' dir='ltr'><em>ad</em></span> <span class='ocrx_word' id='word_1_123' title='bbox 848 1670 986 1735; x_wconf 86' lang='lat' dir='ltr'><em>litteram</em></span> <span class='ocrx_word' id='word_1_124' title='bbox 1004 1691 1150 1752; x_wconf 88' lang='lat' dir='ltr'><em>sequerer</em></span> <span class='ocrx_word' id='word_1_125' title='bbox 1168 1671 1276 1736; x_wconf 91' lang='lat' dir='ltr'><em>studui</em></span> <span class='ocrx_word' id='word_1_126' title='bbox 1285 1672 1305 1753; x_wconf 81' lang='lat'><em>1,</em></span> <span class='ocrx_word' id='word_1_127' title='bbox 1330 1674 1386 1737; x_wconf 91' lang='lat' dir='ltr'><em>sed</em></span> 
     </span>
     <span class='ocr_line' id='line_1_17' title="bbox 268 1759 1385 1842; baseline -0.001 -17"><span class='ocrx_word' id='word_1_128' title='bbox 268 1781 347 1842; x_wconf 93' lang='lat' dir='ltr'><em>quae</em></span> <span class='ocrx_word' id='word_1_129' title='bbox 376 1760 414 1826; x_wconf 94' lang='lat' dir='ltr'><em>in</em></span> <span class='ocrx_word' id='word_1_130' title='bbox 443 1761 499 1825; x_wconf 81' lang='lat' dir='ltr'><em>iroe</em></span> <span class='ocrx_word' id='word_1_131' title='bbox 528 1761 674 1824; x_wconf 90' lang='lat' dir='ltr'><em>mendoso</em></span> <span class='ocrx_word' id='word_1_132' title='bbox 697 1759 870 1840; x_wconf 85' lang='lat' dir='ltr'><em>enemptari</em></span> <span class='ocrx_word' id='word_1_133' title='bbox 900 1765 1048 1841; x_wconf 86' lang='lat' dir='ltr'><em>corrupta</em></span> <span class='ocrx_word' id='word_1_134' title='bbox 1070 1781 1135 1824; x_wconf 88' lang='lat' dir='ltr'><em>esse</em></span> <span class='ocrx_word' id='word_1_135' title='bbox 1158 1780 1385 1842; x_wconf 74' lang='lat' dir='ltr'><em>perspexeram</em></span> 
     </span>
     <span class='ocr_line' id='line_1_18' title="bbox 270 1847 1384 1930; baseline 0 -17"><span class='ocrx_word' id='word_1_136' title='bbox 270 1849 378 1914; x_wconf 92' lang='lat' dir='ltr'><em>omnia</em></span> <span class='ocrx_word' id='word_1_137' title='bbox 400 1851 567 1914; x_wconf 89' lang='lat' dir='ltr'><em>emendare</em></span> <span class='ocrx_word' id='word_1_138' title='bbox 591 1854 721 1914; x_wconf 91' lang='lat' dir='ltr'><em>oonatns</em></span> <span class='ocrx_word' id='word_1_139' title='bbox 743 1850 843 1929; x_wconf 75' lang='lat' dir='ltr'><em>sum2‚</em></span> <span class='ocrx_word' id='word_1_140' title='bbox 867 1869 930 1929; x_wconf 93' lang='lat' dir='ltr'><em>qua</em></span> <span class='ocrx_word' id='word_1_141' title='bbox 952 1848 990 1912; x_wconf 93' lang='lat' dir='ltr'><em>in</em></span> <span class='ocrx_word' id='word_1_142' title='bbox 1008 1870 1042 1912; x_wconf 93' lang='lat' dir='ltr'><em>re</em></span> <span class='ocrx_word' id='word_1_143' title='bbox 1061 1870 1095 1913; x_wconf 94' lang='lat' dir='ltr'><em>eo</em></span> <span class='ocrx_word' id='word_1_144' title='bbox 1111 1847 1313 1930; x_wconf 90' lang='lat' dir='ltr'><em>potissimum</em></span> <span class='ocrx_word' id='word_1_145' title='bbox 1331 1851 1384 1914; x_wconf 92' lang='lat' dir='ltr'><em>ad-</em></span> 
     </span>
     <span class='ocr_line' id='line_1_19' title="bbox 267 1936 1385 2020; baseline 0.001 -18"><span class='ocrx_word' id='word_1_146' title='bbox 267 1938 353 2004; x_wconf 92' lang='lat' dir='ltr'><em>iutus</em></span> <span class='ocrx_word' id='word_1_147' title='bbox 377 1960 454 2020; x_wconf 82' lang='lat' dir='ltr'><em>sum,</em></span> <span class='ocrx_word' id='word_1_148' title='bbox 479 1940 562 2019; x_wconf 93' lang='lat' dir='ltr'><em>quod</em></span> <span class='ocrx_word' id='word_1_149' title='bbox 576 1959 681 2002; x_wconf 86' lang='lat' dir='ltr'><em>munes</em></span> <span class='ocrx_word' id='word_1_150' title='bbox 697 1936 794 2002; x_wconf 80' lang='lat' dir='ltr'><em>libros</em></span> <span class='ocrx_word' id='word_1_151' title='bbox 815 1936 999 2019; x_wconf 81' lang='lat' dir='ltr'><em>Codapnetti</em></span> <span class='ocrx_word' id='word_1_152' title='bbox 1015 1937 1155 2020; x_wconf 85' lang='lat' dir='ltr'><em>tepissem</em></span> <span class='ocrx_word' id='word_1_153' title='bbox 1171 1945 1199 2002; x_wconf 86' lang='lat' dir='ltr'><em>ei</em></span> <span class='ocrx_word' id='word_1_154' title='bbox 1214 1958 1252 2003; x_wconf 84' lang='lat' dir='ltr'><em>en</em></span> <span class='ocrx_word' id='word_1_155' title='bbox 1266 1959 1385 2020; x_wconf 84' lang='lat' dir='ltr'><em>maqna</em></span> 
     </span>
     <span class='ocr_line' id='line_1_20' title="bbox 262 2025 1383 2110; baseline -0.001 -19"><span class='ocrx_word' id='word_1_156' title='bbox 262 2033 357 2110; x_wconf 90' lang='lat' dir='ltr'><em>parte</em></span> <span class='ocrx_word' id='word_1_157' title='bbox 372 2027 439 2108; x_wconf 89' lang='lat' dir='ltr'><em>ipse</em></span> <span class='ocrx_word' id='word_1_158' title='bbox 454 2027 621 2092; x_wconf 87' lang='lat' dir='ltr'><em>edidissem</em></span> <span class='ocrx_word' id='word_1_159' title='bbox 636 2026 741 2107; x_wconf 92' lang='lat' dir='ltr'><em>itaque</em></span> <span class='ocrx_word' id='word_1_160' title='bbox 756 2025 930 2091; x_wconf 92' lang='lat' dir='ltr'><em>orationem</em></span> <span class='ocrx_word' id='word_1_161' title='bbox 945 2025 1013 2091; x_wconf 90' lang='lat' dir='ltr'><em>eins</em></span> <span class='ocrx_word' id='word_1_162' title='bbox 1024 2026 1154 2107; x_wconf 93' lang='lat' dir='ltr'><em>penitus</em></span> <span class='ocrx_word' id='word_1_163' title='bbox 1164 2026 1383 2108; x_wconf 74' lang='lat' dir='ltr'><em>percepissem.</em></span> 
     </span>
    </p>

    <p class='ocr_par' dir='ltr' id='par_1_4' title="bbox 268 2114 1385 2271">
     <span class='ocr_line' id='line_1_21' title="bbox 376 2114 1385 2198; baseline 0.001 -18"><span class='ocrx_word' id='word_1_164' title='bbox 376 2118 532 2181; x_wconf 88' lang='lat' dir='ltr'><em>Looornm</em></span> <span class='ocrx_word' id='word_1_165' title='bbox 554 2115 686 2180; x_wconf 88' lang='lat' dir='ltr'><em>nomina</em></span> <span class='ocrx_word' id='word_1_166' title='bbox 708 2114 873 2196; x_wconf 78' lang='lat' dir='ltr'><em>hodierna,</em></span> <span class='ocrx_word' id='word_1_167' title='bbox 902 2121 931 2180; x_wconf 92' lang='lat' dir='ltr'><em>et</em></span> <span class='ocrx_word' id='word_1_168' title='bbox 951 2114 1007 2180; x_wconf 86' lang='lat' dir='ltr'><em>ubi</em></span> <span class='ocrx_word' id='word_1_169' title='bbox 1030 2136 1067 2180; x_wconf 93' lang='lat' dir='ltr'><em>ea</em></span> <span class='ocrx_word' id='word_1_170' title='bbox 1090 2116 1153 2180; x_wconf 90' lang='lat' dir='ltr'><em>sita</em></span> <span class='ocrx_word' id='word_1_171' title='bbox 1176 2115 1249 2198; x_wconf 84' lang='lat' dir='ltr'><em>sint,</em></span> <span class='ocrx_word' id='word_1_172' title='bbox 1278 2115 1316 2180; x_wconf 88' lang='lat' dir='ltr'><em>in</em></span> <span class='ocrx_word' id='word_1_173' title='bbox 1338 2116 1385 2181; x_wconf 94' lang='lat' dir='ltr'><em>iu-</em></span> 
     </span>
     <span class='ocr_line' id='line_1_22' title="bbox 268 2204 536 2271; baseline -0.011 -1"><span class='ocrx_word' id='word_1_174' title='bbox 268 2205 335 2271; x_wconf 88' lang='lat' dir='ltr'><em>diee</em></span> <span class='ocrx_word' id='word_1_175' title='bbox 358 2204 536 2270; x_wconf 77' lang='lat' dir='ltr'><em>adnotaoi3.</em></span> 
     </span>
    </p>
   </div>
   <div class='ocr_carea' id='block_1_3' title="bbox 374 2327 1385 2536">
    <p class='ocr_par' dir='ltr' id='par_1_5' title="bbox 374 2327 1385 2536">
     <span class='ocr_line' id='line_1_23' title="bbox 374 2327 1338 2394; baseline -0.002 -1"><span class='ocrx_word' id='word_1_176' title='bbox 374 2327 569 2393; x_wconf 86' lang='lat' dir='ltr'><em>Berotini</em></span> <span class='ocrx_word' id='word_1_177' title='bbox 592 2350 622 2392; x_wconf 91' lang='lat' dir='ltr'><em>a.</em></span> <span class='ocrx_word' id='word_1_178' title='bbox 639 2329 669 2392; x_wconf 92' lang='lat' dir='ltr'><em>d.</em></span> <span class='ocrx_word' id='word_1_179' title='bbox 690 2327 768 2392; x_wconf 85' lang='lat' dir='ltr'><em>XV.</em></span> <span class='ocrx_word' id='word_1_180' title='bbox 787 2329 866 2392; x_wconf 81' lang='lat' dir='ltr'><em>Kal.</em></span> <span class='ocrx_word' id='word_1_181' title='bbox 883 2327 1041 2393; x_wconf 84' lang='lat' dir='ltr'><em>Februar.</em></span> <span class='ocrx_word' id='word_1_182' title='bbox 1061 2351 1091 2392; x_wconf 92' lang='grc' dir='ltr'><em>α.</em></span> <span class='ocrx_word' id='word_1_183' title='bbox 1109 2327 1338 2394; x_wconf 77' lang='lat' dir='ltr'><em>Mooooal.</em></span> 
     </span>
     <span class='ocr_line' id='line_1_24' title="bbox 923 2469 1385 2536; baseline 0 -2"><span class='ocrx_word' id='word_1_184' title='bbox 923 2469 957 2534; x_wconf 88' lang='lat'><em>0.</em></span> <span class='ocrx_word' id='word_1_185' title='bbox 983 2470 1385 2536; x_wconf 67' lang='lat' dir='ltr'><em>Hennae-Eadem</em></span> 
     </span>
    </p>
   </div>
   <div class='ocr_carea' id='block_1_4' title="bbox 268 2679 1389 3598">
    <p class='ocr_par' dir='ltr' id='par_1_6' title="bbox 268 2679 1389 3598">
     <span class='ocr_line' id='line_1_25' title="bbox 271 2679 1384 2749; baseline -0.002 -15"><span class='ocrx_word' id='word_1_186' title='bbox 271 2681 298 2749; x_wconf 82' lang='lat'><em>1)</em></span> <span class='ocrx_word' id='word_1_187' title='bbox 317 2680 352 2730; x_wconf 89' lang='lat' dir='ltr'><em>In</em></span> <span class='ocrx_word' id='word_1_188' title='bbox 371 2695 421 2746; x_wconf 90' lang='lat' dir='ltr'><em>quo</em></span> <span class='ocrx_word' id='word_1_189' title='bbox 439 2679 507 2732; x_wconf 86' lang='lat' dir='ltr'><em>libro</em></span> <span class='ocrx_word' id='word_1_190' title='bbox 525 2679 603 2731; x_wconf 79' lang='lat' dir='ltr'><em>aerim</em></span> <span class='ocrx_word' id='word_1_191' title='bbox 628 2695 704 2747; x_wconf 88' lang='lat' dir='ltr'><em>saepe</em></span> <span class='ocrx_word' id='word_1_192' title='bbox 728 2686 776 2731; x_wconf 91' lang='lat' dir='ltr'><em>aut</em></span> <span class='ocrx_word' id='word_1_193' title='bbox 800 2695 853 2730; x_wconf 89' lang='lat' dir='ltr'><em>non</em></span> <span class='ocrx_word' id='word_1_194' title='bbox 872 2687 920 2732; x_wconf 89' lang='lat' dir='ltr'><em>aut</em></span> <span class='ocrx_word' id='word_1_195' title='bbox 937 2683 1007 2732; x_wconf 88' lang='lat' dir='ltr'><em>mate</em></span> <span class='ocrx_word' id='word_1_196' title='bbox 1024 2683 1109 2747; x_wconf 77' lang='lat' dir='ltr'><em>siquis</em></span> <span class='ocrx_word' id='word_1_197' title='bbox 1127 2683 1296 2746; x_wconf 79' lang='lat' dir='ltr'><em>interpuncta</em></span> <span class='ocrx_word' id='word_1_198' title='bbox 1313 2688 1384 2748; x_wconf 86' lang='lat' dir='ltr'><em>suut,</em></span> 
     </span>
     <span class='ocr_line' id='line_1_26' title="bbox 270 2752 1385 2819; baseline 0.002 -17"><span class='ocrx_word' id='word_1_199' title='bbox 270 2767 321 2819; x_wconf 92' lang='lat' dir='ltr'><em>quo</em></span> <span class='ocrx_word' id='word_1_200' title='bbox 339 2757 362 2802; x_wconf 90' lang='lat' dir='ltr'><em>et</em></span> <span class='ocrx_word' id='word_1_201' title='bbox 377 2752 489 2804; x_wconf 85' lang='lat' dir='ltr'><em>editores</em></span> <span class='ocrx_word' id='word_1_202' title='bbox 505 2767 693 2817; x_wconf 80' lang='lat' dir='ltr'><em>nonnusquam</em></span> <span class='ocrx_word' id='word_1_203' title='bbox 711 2753 741 2802; x_wconf 90' lang='lat' dir='ltr'><em>in</em></span> <span class='ocrx_word' id='word_1_204' title='bbox 755 2767 873 2803; x_wconf 88' lang='lat' dir='ltr'><em>errorem</em></span> <span class='ocrx_word' id='word_1_205' title='bbox 885 2752 1040 2803; x_wconf 74' lang='lat' dir='ltr'><em>ductisunt.</em></span> <span class='ocrx_word' id='word_1_206' title='bbox 1073 2753 1146 2816; x_wconf 79' lang='lat' dir='ltr'><em>Quod</em></span> <span class='ocrx_word' id='word_1_207' title='bbox 1158 2753 1193 2803; x_wconf 88' lang='lat' dir='ltr'><em>iis</em></span> <span class='ocrx_word' id='word_1_208' title='bbox 1207 2753 1270 2804; x_wconf 86' lang='lat' dir='ltr'><em>loeis</em></span> <span class='ocrx_word' id='word_1_209' title='bbox 1282 2759 1385 2804; x_wconf 91' lang='lat' dir='ltr'><em>tautum</em></span> 
     </span>
     <span class='ocr_line' id='line_1_27' title="bbox 270 2822 1387 2890; baseline 0.001 -16"><span class='ocrx_word' id='word_1_210' title='bbox 270 2824 394 2889; x_wconf 87' lang='lat' dir='ltr'><em>indiaaoi,</em></span> <span class='ocrx_word' id='word_1_211' title='bbox 421 2823 516 2890; x_wconf 80' lang='lat' dir='ltr'><em>quibus</em></span> <span class='ocrx_word' id='word_1_212' title='bbox 535 2822 582 2874; x_wconf 72' lang='lat' dir='ltr'><em>troo</em></span> <span class='ocrx_word' id='word_1_213' title='bbox 601 2823 716 2874; x_wconf 85' lang='lat' dir='ltr'><em>alieuius</em></span> <span class='ocrx_word' id='word_1_214' title='bbox 733 2825 859 2874; x_wconf 84' lang='lat' dir='ltr'><em>momenti</em></span> <span class='ocrx_word' id='word_1_215' title='bbox 874 2839 927 2875; x_wconf 86' lang='lat' dir='ltr'><em>esse</em></span> <span class='ocrx_word' id='word_1_216' title='bbox 944 2825 1040 2878; x_wconf 85' lang='lat' dir='ltr'><em>censui.</em></span> <span class='ocrx_word' id='word_1_217' title='bbox 1077 2825 1226 2890; x_wconf 84' lang='lat' dir='ltr'><em>Aliquoties</em></span> <span class='ocrx_word' id='word_1_218' title='bbox 1250 2826 1280 2874; x_wconf 90' lang='lat' dir='ltr'><em>iu</em></span> <span class='ocrx_word' id='word_1_219' title='bbox 1298 2825 1387 2876; x_wconf 89' lang='lat' dir='ltr'><em>initiis</em></span> 
     </span>
     <span class='ocr_line' id='line_1_28' title="bbox 269 2894 1385 2960; baseline 0 -14"><span class='ocrx_word' id='word_1_220' title='bbox 269 2897 459 2946; x_wconf 87' lang='lat' dir='ltr'><em>smteutiurum</em></span> <span class='ocrx_word' id='word_1_221' title='bbox 474 2895 589 2946; x_wconf 84' lang='lat' dir='ltr'><em>litteram</em></span> <span class='ocrx_word' id='word_1_222' title='bbox 603 2894 777 2946; x_wconf 76' lang='lat' dir='ltr'><em>mainsendem</em></span> <span class='ocrx_word' id='word_1_223' title='bbox 789 2896 879 2960; x_wconf 85' lang='lat' dir='ltr'><em>posui,</em></span> <span class='ocrx_word' id='word_1_224' title='bbox 899 2894 946 2944; x_wconf 83' lang='lat' dir='ltr'><em>uhi</em></span> <span class='ocrx_word' id='word_1_225' title='bbox 956 2894 1037 2944; x_wconf 82' lang='lat' dir='ltr'><em>eodan</em></span> <span class='ocrx_word' id='word_1_226' title='bbox 1050 2894 1195 2946; x_wconf 85' lang='lat' dir='ltr'><em>Parisinus</em></span> <span class='ocrx_word' id='word_1_227' title='bbox 1206 2896 1385 2946; x_wconf 84' lang='lat' dir='ltr'><em>minusculam</em></span> 
     </span>
     <span class='ocr_line' id='line_1_29' title="bbox 270 2965 1389 3032; baseline 0 -16"><span class='ocrx_word' id='word_1_228' title='bbox 270 2967 359 3029; x_wconf 80' lang='lat' dir='ltr'><em>huod,</em></span> <span class='ocrx_word' id='word_1_229' title='bbox 382 2966 451 3030; x_wconf 92' lang='lat' dir='ltr'><em>quod</em></span> <span class='ocrx_word' id='word_1_230' title='bbox 472 2981 605 3031; x_wconf 88' lang='lat' dir='ltr'><em>nusquam</em></span> <span class='ocrx_word' id='word_1_231' title='bbox 623 2966 756 3018; x_wconf 82' lang='lat' dir='ltr'><em>adnotavi.</em></span> <span class='ocrx_word' id='word_1_232' title='bbox 835 2965 863 3031; x_wconf 77' lang='lat'><em>2)</em></span> <span class='ocrx_word' id='word_1_233' title='bbox 880 2965 978 3017; x_wconf 83' lang='lat' dir='ltr'><em>Editor</em></span> <span class='ocrx_word' id='word_1_234' title='bbox 996 2966 1141 3016; x_wconf 89' lang='lat' dir='ltr'><em>Parisinus</em></span> <span class='ocrx_word' id='word_1_235' title='bbox 1163 2967 1260 3032; x_wconf 81' lang='lat' dir='ltr'><em>multa,</em></span> <span class='ocrx_word' id='word_1_236' title='bbox 1281 2968 1389 3017; x_wconf 89' lang='lat' dir='ltr'><em>etiamsi</em></span> 
     </span>
     <span class='ocr_line' id='line_1_30' title="bbox 270 3036 1385 3102; baseline 0.001 -16"><span class='ocrx_word' id='word_1_237' title='bbox 270 3036 401 3086; x_wconf 81' lang='lat' dir='ltr'><em>nonnulla</em></span> <span class='ocrx_word' id='word_1_238' title='bbox 427 3037 487 3087; x_wconf 85' lang='lat' dir='ltr'><em>bene</em></span> <span class='ocrx_word' id='word_1_239' title='bbox 512 3038 698 3100; x_wconf 81' lang='lat' dir='ltr'><em>emendaverit,</em></span> <span class='ocrx_word' id='word_1_240' title='bbox 720 3036 893 3088; x_wconf 86' lang='lat' dir='ltr'><em>Ptaoontinus</em></span> <span class='ocrx_word' id='word_1_241' title='bbox 915 3039 1005 3088; x_wconf 91' lang='lat' dir='ltr'><em>omnia</em></span> <span class='ocrx_word' id='word_1_242' title='bbox 1029 3039 1096 3102; x_wconf 81' lang='lat' dir='ltr'><em>fare,</em></span> <span class='ocrx_word' id='word_1_243' title='bbox 1122 3038 1279 3101; x_wconf 80' lang='lat' dir='ltr'><em>foedissima</em></span> <span class='ocrx_word' id='word_1_244' title='bbox 1297 3039 1385 3102; x_wconf 86' lang='lat' dir='ltr'><em>etiam,</em></span> 
     </span>
     <span class='ocr_line' id='line_1_31' title="bbox 271 3107 1386 3174; baseline 0 -17"><span class='ocrx_word' id='word_1_245' title='bbox 271 3107 366 3158; x_wconf 89' lang='lat' dir='ltr'><em>menda</em></span> <span class='ocrx_word' id='word_1_246' title='bbox 384 3108 415 3156; x_wconf 90' lang='lat' dir='ltr'><em>in</em></span> <span class='ocrx_word' id='word_1_247' title='bbox 433 3113 506 3158; x_wconf 81' lang='lat' dir='ltr'><em>textu</em></span> <span class='ocrx_word' id='word_1_248' title='bbox 524 3109 702 3170; x_wconf 84' lang='lat' dir='ltr'><em>retinuerunt,</em></span> <span class='ocrx_word' id='word_1_249' title='bbox 727 3109 798 3173; x_wconf 95' lang='lat' dir='ltr'><em>quod</em></span> <span class='ocrx_word' id='word_1_250' title='bbox 817 3109 935 3172; x_wconf 85' lang='lat' dir='ltr'><em>librarii,</em></span> <span class='ocrx_word' id='word_1_251' title='bbox 960 3122 1014 3158; x_wconf 90' lang='lat' dir='ltr'><em>non</em></span> <span class='ocrx_word' id='word_1_252' title='bbox 1032 3108 1140 3160; x_wconf 86' lang='lat' dir='ltr'><em>editoris</em></span> <span class='ocrx_word' id='word_1_253' title='bbox 1158 3114 1203 3172; x_wconf 83' lang='lat' dir='ltr'><em>est,</em></span> <span class='ocrx_word' id='word_1_254' title='bbox 1223 3111 1386 3174; x_wconf 84' lang='lat' dir='ltr'><em>praesertim</em></span> 
     </span>
     <span class='ocr_line' id='line_1_32' title="bbox 270 3177 1388 3243; baseline 0.003 -17"><span class='ocrx_word' id='word_1_255' title='bbox 270 3193 329 3226; x_wconf 88' lang='lat' dir='ltr'><em>oum</em></span> <span class='ocrx_word' id='word_1_256' title='bbox 348 3177 416 3226; x_wconf 86' lang='lat' dir='ltr'><em>iilud</em></span> <span class='ocrx_word' id='word_1_257' title='bbox 434 3178 573 3242; x_wconf 82' lang='lat' dir='ltr'><em>eamrpiar</em></span> <span class='ocrx_word' id='word_1_258' title='bbox 590 3183 626 3228; x_wconf 92' lang='lat' dir='ltr'><em>tot</em></span> <span class='ocrx_word' id='word_1_259' title='bbox 643 3184 667 3229; x_wconf 91' lang='lat' dir='ltr'><em>et</em></span> <span class='ocrx_word' id='word_1_260' title='bbox 684 3180 768 3228; x_wconf 88' lang='lat' dir='ltr'><em>tantis</em></span> <span class='ocrx_word' id='word_1_261' title='bbox 786 3179 887 3230; x_wconf 90' lang='lat' dir='ltr'><em>mendis</em></span> <span class='ocrx_word' id='word_1_262' title='bbox 904 3184 1008 3232; x_wconf 88' lang='lat' dir='ltr'><em>sauteat.</em></span> <span class='ocrx_word' id='word_1_263' title='bbox 1069 3180 1097 3243; x_wconf 82' lang='lat'><em>3)</em></span> <span class='ocrx_word' id='word_1_264' title='bbox 1119 3179 1153 3230; x_wconf 88' lang='lat' dir='ltr'><em>Iu</em></span> <span class='ocrx_word' id='word_1_265' title='bbox 1172 3181 1388 3230; x_wconf 82' lang='lat' dir='ltr'><em>adnotationibus</em></span> 
     </span>
     <span class='ocr_line' id='line_1_33' title="bbox 271 3247 1385 3312; baseline 0.004 -15"><span class='ocrx_word' id='word_1_266' title='bbox 271 3248 412 3312; x_wconf 84' lang='lat' dir='ltr'><em>aliquoties</em></span> <span class='ocrx_word' id='word_1_267' title='bbox 429 3247 548 3298; x_wconf 70' lang='lat' dir='ltr'><em>Annuus</em></span> <span class='ocrx_word' id='word_1_268' title='bbox 572 3252 667 3300; x_wconf 86' lang='lat' dir='ltr'><em>ueteres</em></span> <span class='ocrx_word' id='word_1_269' title='bbox 684 3248 847 3301; x_wconf 77' lang='lat' dir='ltr'><em>Mutinensis</em></span> <span class='ocrx_word' id='word_1_270' title='bbox 871 3255 894 3300; x_wconf 90' lang='lat' dir='ltr'><em>et</em></span> <span class='ocrx_word' id='word_1_271' title='bbox 920 3249 1068 3301; x_wconf 79' lang='lat' dir='ltr'><em>Chroniami</em></span> <span class='ocrx_word' id='word_1_272' title='bbox 1091 3251 1239 3302; x_wconf 85' lang='lat' dir='ltr'><em>Mutinense</em></span> <span class='ocrx_word' id='word_1_273' title='bbox 1263 3251 1346 3302; x_wconf 88' lang='lat' dir='ltr'><em>editos</em></span> <span class='ocrx_word' id='word_1_274' title='bbox 1368 3268 1385 3301; x_wconf 94' lang='grc' dir='ltr'><em>α</em></span> 
     </span>
     <span class='ocr_line' id='line_1_34' title="bbox 271 3318 1386 3385; baseline 0.004 -17"><span class='ocrx_word' id='word_1_275' title='bbox 271 3318 426 3370; x_wconf 86' lang='lat' dir='ltr'><em>Muratorio</em></span> <span class='ocrx_word' id='word_1_276' title='bbox 443 3319 532 3381; x_wconf 81' lang='lat' dir='ltr'><em>attuli,</em></span> <span class='ocrx_word' id='word_1_277' title='bbox 550 3321 598 3385; x_wconf 88' lang='lat' dir='ltr'><em>qui</em></span> <span class='ocrx_word' id='word_1_278' title='bbox 614 3319 695 3369; x_wconf 84' lang='lat' dir='ltr'><em>multo</em></span> <span class='ocrx_word' id='word_1_279' title='bbox 712 3320 807 3370; x_wconf 81' lang='lat' dir='ltr'><em>arelius</em></span> <span class='ocrx_word' id='word_1_280' title='bbox 821 3320 886 3370; x_wconf 88' lang='lat' dir='ltr'><em>editi</em></span> <span class='ocrx_word' id='word_1_281' title='bbox 900 3327 963 3371; x_wconf 91' lang='lat' dir='ltr'><em>suut</em></span> <span class='ocrx_word' id='word_1_282' title='bbox 978 3323 1049 3371; x_wconf 91' lang='lat' dir='ltr'><em>inter</em></span> <span class='ocrx_word' id='word_1_283' title='bbox 1067 3321 1243 3372; x_wconf 83' lang='lat' dir='ltr'><em>‘Monumenti</em></span> <span class='ocrx_word' id='word_1_284' title='bbox 1257 3322 1287 3371; x_wconf 92' lang='lat' dir='ltr'><em>di</em></span> <span class='ocrx_word' id='word_1_285' title='bbox 1301 3325 1386 3374; x_wconf 87' lang='lat' dir='ltr'><em>storia</em></span> 
     </span>
     <span class='ocr_line' id='line_1_35' title="bbox 268 3389 1388 3458; baseline 0.006 -19"><span class='ocrx_word' id='word_1_286' title='bbox 268 3392 364 3455; x_wconf 87' lang='lat' dir='ltr'><em>patria</em></span> <span class='ocrx_word' id='word_1_287' title='bbox 389 3389 453 3441; x_wconf 84' lang='lat' dir='ltr'><em>datie</em></span> <span class='ocrx_word' id='word_1_288' title='bbox 474 3391 608 3456; x_wconf 82' lang='lat' dir='ltr'><em>prouincia</em></span> <span class='ocrx_word' id='word_1_289' title='bbox 626 3390 769 3456; x_wconf 86' lang='lat' dir='ltr'><em>Modonesi‚</em></span> <span class='ocrx_word' id='word_1_290' title='bbox 791 3391 934 3442; x_wconf 81' lang='lat' dir='ltr'><em>Cranaone’</em></span> <span class='ocrx_word' id='word_1_291' title='bbox 946 3391 978 3441; x_wconf 93' lang='lat' dir='ltr'><em>X</em></span> <span class='ocrx_word' id='word_1_292' title='bbox 982 3392 1008 3441; x_wconf 87' lang='lat' dir='ltr'><em>V</em></span> <span class='ocrx_word' id='word_1_293' title='bbox 1023 3392 1151 3458; x_wconf 89' lang='lat' dir='ltr'><em>(Modeua</em></span> <span class='ocrx_word' id='word_1_294' title='bbox 1170 3393 1247 3447; x_wconf 88' lang='lat'>1888.</span> <span class='ocrx_word' id='word_1_295' title='bbox 1266 3391 1318 3458; x_wconf 85' lang='lat'><em>4⁰),</em></span> <span class='ocrx_word' id='word_1_296' title='bbox 1344 3396 1388 3446; x_wconf 88' lang='lat' dir='ltr'><em>in-</em></span> 
     </span>
     <span class='ocr_line' id='line_1_36' title="bbox 271 3460 1388 3532; baseline 0.004 -20"><span class='ocrx_word' id='word_1_297' title='bbox 271 3463 367 3526; x_wconf 87' lang='lat' dir='ltr'><em>seripti</em></span> <span class='ocrx_word' id='word_1_298' title='bbox 385 3460 529 3512; x_wconf 76' lang='lat' dir='ltr'><em>‘Oronaohe</em></span> <span class='ocrx_word' id='word_1_299' title='bbox 547 3461 577 3510; x_wconf 91' lang='lat' dir='ltr'><em>di</em></span> <span class='ocrx_word' id='word_1_300' title='bbox 594 3461 759 3513; x_wconf 80' lang='lat' dir='ltr'><em>Aiessandro</em></span> <span class='ocrx_word' id='word_1_301' title='bbox 774 3461 897 3529; x_wconf 75' lang='lat' dir='ltr'><em>Tassat,</em></span> <span class='ocrx_word' id='word_1_302' title='bbox 916 3463 947 3513; x_wconf 92' lang='lat' dir='ltr'><em>di</em></span> <span class='ocrx_word' id='word_1_303' title='bbox 966 3463 1102 3514; x_wconf 58' lang='lat' dir='ltr'><em>&amp;manni</em></span> <span class='ocrx_word' id='word_1_304' title='bbox 1117 3465 1148 3513; x_wconf 88' lang='lat' dir='ltr'><em>di</em></span> <span class='ocrx_word' id='word_1_305' title='bbox 1162 3463 1309 3528; x_wconf 77' lang='lat' dir='ltr'><em>Baeeano’,</em></span> <span class='ocrx_word' id='word_1_306' title='bbox 1328 3469 1388 3532; x_wconf 86' lang='lat' dir='ltr'><em>qui-</em></span> 
     </span>
     <span class='ocr_line' id='line_1_37' title="bbox 271 3531 1385 3598; baseline 0.007 -15"><span class='ocrx_word' id='word_1_307' title='bbox 271 3533 378 3583; x_wconf 77' lang='lat' dir='ltr'><em>buscum</em></span> <span class='ocrx_word' id='word_1_308' title='bbox 403 3531 497 3598; x_wconf 85' lang='lat' dir='ltr'><em>ubique</em></span> <span class='ocrx_word' id='word_1_309' title='bbox 522 3532 681 3594; x_wconf 84' lang='lat' dir='ltr'><em>eonferenda</em></span> <span class='ocrx_word' id='word_1_310' title='bbox 705 3538 742 3584; x_wconf 88' lang='lat' dir='ltr'><em>est</em></span> <span class='ocrx_word' id='word_1_311' title='bbox 761 3533 876 3584; x_wconf 81' lang='lat' dir='ltr'><em>Orontea</em></span> <span class='ocrx_word' id='word_1_312' title='bbox 894 3533 1036 3597; x_wconf 79' lang='lat' dir='ltr'><em>Bonifaaii</em></span> <span class='ocrx_word' id='word_1_313' title='bbox 1051 3535 1172 3586; x_wconf 85' lang='lat' dir='ltr'><em>Moruno&#39;</em></span> <span class='ocrx_word' id='word_1_314' title='bbox 1191 3535 1288 3588; x_wconf 81' lang='lat' dir='ltr'><em>ibidem</em></span> <span class='ocrx_word' id='word_1_315' title='bbox 1306 3537 1385 3592; x_wconf 83' lang='lat' dir='ltr'><em>edita.</em></span> 
     </span>
    </p>
   </div>
   <div class='ocr_carea' id='block_1_5' title="bbox 0 0 1568 4840">
    <p class='ocr_par' dir='ltr' id='par_1_7' title="bbox 0 0 1568 4840">
     <span class='ocr_line' id='line_1_38' title="bbox 0 0 1568 4840; baseline 0 0"><span class='ocrx_word' id='word_1_316' title='bbox 0 0 1568 4840; x_wconf 95' lang='lat' dir='ltr'><em> </em></span> 
     </span>
    </p>
   </div>
  </div>
 </body>
</html>
