3118 4840
220 254 258 308 44
381 248 571 304 IOHANNIS
589 248 835 304 consensum
853 248 1034 304 ANNALIIS
1053 250 1088 306 A.
1104 252 1180 307 1213.

125 443 201 497 1213.
222 434 349 498 milites
373 438 408 498 et
431 454 558 516 magna
581 454 660 517 pars
683 432 813 516 populi,
837 453 903 516 que
927 433 1018 498 eirea
1036 433 1226 498 Mediolani
1250 454 1340 498 earo·

221 524 312 588 oium
343 523 462 587 adesse
492 521 651 598 debebat,
684 542 762 586 oum
786 520 955 586 militibus
982 526 1018 587 et
1042 522 1119 586 aliis
1142 522 1340 587 hominibus

220 613 257 675 in
281 611 389 695 prelio
413 611 524 695 eaptis
547 614 583 674 et
606 631 684 674 eum
707 611 911 693 temptoriis,
939 611 1067 695 spoliis,
1090 611 1193 687 robis,
1219 611 1337 687 bobus,

221 702 317 784 equis
348 703 384 764 et
407 700 543 764 oariolis
567 698 849 763 Cremonensium
873 700 917 764 ad
941 719 1004 764 sua
1025 703 1193 765 venerant
1216 703 1338 777 castra,

219 791 294 854 iere
318 809 435 853 omnes
454 789 497 853 de
515 788 625 872 prelio
641 789 850 862 resedentes,
875 793 990 873 preter
1006 788 1184 854 Placentie
1201 788 1338 866 milites,
1364 812 1377 849 s

220 880 280 962 qui
302 879 339 942 in
362 879 437 962 ipso
454 877 545 942 bello
563 877 699 961 egregie
715 881 888 941 steterimt
904 881 940 942 et
956 898 1032 942 oum
1051 877 1340 943 Cremonensibus

220 968 346 1032 aeriter
369 969 613 1052 pugnaverunt
643 970 678 1030 et
708 967 792 1049 ipsis
814 966 962 1032 viriliter
992 970 1028 1032 et
1051 966 1214 1032 bellicose
1244 966 1339 1032 resti-

219 1060 349 1122 terunt.
395 1055 561 1121 Videntes
590 1056 731 1119 interim
761 1055 889 1119 milites
919 1060 955 1120 et
985 1056 1133 1140 populus
1161 1055 1338 1132 Cremona,

220 1147 280 1229 qui
298 1146 342 1209 ad
359 1144 527 1209 Cremone
546 1144 716 1208 oarooium
736 1138 925 1227 [aderunt⁸,
945 1145 1137 1210 Mediolani
1154 1139 1336 1224 carosium]

221 1235 425 1299 derelictum
449 1253 522 1298 esse
546 1237 581 1298 et
599 1233 777 1298 recessisse
794 1232 954 1297 militiam
971 1233 1170 1310 Mediolani,
1196 1255 1273 1298 oum
1290 1235 1339 1297 eis
1359 1258 1386 1295 ιο

220 1323 464 1406 preliaverunt.
511 1322 745 1406 Percipientes
772 1325 888 1387 autem
912 1322 1188 1387 Mediolanenses
1211 1323 1271 1405 qui
1294 1322 1338 1385 ad

221 1412 392 1476 carosium
427 1415 664 1476 remanserant
700 1412 839 1475 minime
869 1412 1028 1475 resistere
1060 1432 1169 1495 posse,
1204 1411 1338 1476 oarooio

219 1503 257 1563 in
280 1493 449 1583 quodamb
477 1501 604 1584 palude
628 1493 784 1578 relietob,
815 1501 851 1563 in
875 1493 963 1582 quob
992 1521 1052 1584 per
1075 1501 1141 1564 vim
1166 1500 1255 1563 illud
1278 1501 1338 1562 im-

220 1583 434 1672 pulserantb,
458 1593 673 1654 recesserunt
697 1593 732 1653 et
750 1609 867 1653 versus
891 1592 1005 1654 eastra
1027 1590 1220 1664 redierunt;
1246 1588 1338 1671 quod

220 1680 392 1743 carosium
431 1677 692 1744 Cremonenses
722 1681 842 1762 postea
887 1678 929 1742 de
974 1677 1101 1762 palude
1146 1681 1339 1742 extmotum
1359 1701 1385 1739 1s

220 1769 418 1832 habuerunt
437 1772 472 1832 et
489 1767 693 1831 Cremonam
715 1767 804 1829 illud
828 1768 1011 1842 duxerunt,
1037 1769 1072 1831 et
1094 1767 1132 1829 in
1155 1768 1230 1850 ipso
1247 1766 1338 1830 bello

113 1877 200 1924 *ssa
221 1860 388 1940 oeperunt
418 1857 508 1920 eirea
538 1856 641 1919 XXX
665 1855 807 1920 ⁸milites
831 1856 1021 1920 Mediolani
1051 1861 1087 1920 et
1116 1857 1189 1919 eius
1219 1856 1336 1939 partis,

220 1946 262 2008 de
293 1945 469 2027 peditibus
499 1948 535 2008 et
565 1944 761 2008 hominibus
785 1945 974 2008 Mediolani
1004 1945 1136 2009 eteius
1160 1944 1338 2008 districtus

219 2034 292 2098 fere
316 2033 411 2098 mille
435 2034 590 2098 homines
604 2033 624 2094 1.

78 2146 203 2194 naeres)
327 2123 392 2186 Die
410 2123 503 2186 Iovis
528 2170 535 2183 .
555 2172 561 2184 .
580 2127 608 2183 .⁰
632 2124 757 2186 mensis
782 2123 935 2188 eiusdem
952 2123 1045 2185 Iunii
1062 2122 1338 2186 Mediolanenses
1357 2147 1384 2184 so

220 2232 296 2274 eum
329 2212 462 2275 euronio
498 2215 533 2276 et
568 2211 727 2275 universa
757 2216 862 2295 gente
896 2232 1012 2275 eorum
1048 2211 1266 2275 intraverunt
1300 2211 1337 2273 in

219 2300 443 2377 hamelinum,
469 2301 670 2364 Mortariam
695 2306 730 2365 et
746 2300 1000 2364 Gamboladum
1024 2304 1059 2364 et
1083 2299 1277 2364 Lomellum
1302 2303 1337 2363 et

220 2389 400 2453 Ulevalum
433 2394 469 2454 et
499 2389 610 2453 multa
641 2391 709 2453 alia
739 2389 816 2454 loca
843 2392 1009 2473 oeperunt
1032 2393 1068 2453 et
1092 2390 1337 2453 destruxerunt

219 2482 254 2542 et
285 2480 528 2556 conbuserunt,
560 2483 693 2562 segetes
723 2499 859 2562 quoque
888 2482 923 2542 et
947 2479 1033 2541 alias
1056 2499 1111 2542 res
1134 2477 1337 2561 depopulati

217 2567 371 2646 fuerunt,
404 2569 559 2631 homines
586 2568 865 2644 innumerabiles,
897 2567 1025 2631 bestias
1055 2571 1090 2631 et
1121 2567 1206 2630 alias
1236 2568 1337 2630 nobas
1356 2591 1383 2630 es

218 2657 298 2720 inde
322 2657 505 2721 duxerunt.

218 2867 239 2911 u)
259 2864 318 2901 reneis
337 2865 421 2902 inclusa
438 2865 548 2912 supplevi:
568 2861 676 2903 videntes
696 2867 769 2902 autem
789 2864 949 2904 Cremonenses
975 2875 1115 2904 camosetum
1135 2864 1335 2905 Mediolanensium

218 2919 265 2956 lere
284 2915 415 2956 derellotnm
430 2918 493 2959 Galo.
507 2918 617 2966 Flamma,
635 2917 718 2965 Manain.
732 2918 806 2958 asle.
870 2917 893 2966 b)
910 2918 941 2956 sle
955 2929 973 2960 e.
1037 2919 1057 2966 o)
1079 2929 1180 2957 numerere
1193 2919 1285 2966 omissas
1298 2921 1336 2966 ssl,

218 2975 236 3008 et
251 2968 349 3010 eiusdem
364 2972 445 3009 mensis
459 2971 610 3018 corriymdum
624 2971 708 3008 videtur
712 2984 720 3018 ,·
738 2971 818 3014 m-sr.
834 2968 911 3010 Idibus
925 2983 967 3019 pro
982 2970 1081 3011 eiusdem
1096 2973 1207 3020 lesendam
1221 2981 1265 3010 esse
1277 2971 1336 3017 falso

217 3025 305 3062 coniecit
310 3038 318 3070 ,·
332 3025 383 3067 ΧΙΙ.
397 3022 435 3062 dio
449 3023 510 3062 Iunll
520 3024 648 3062 Mortsrlsm
663 3021 825 3064 destruxerunt
845 3025 908 3064 Galo.
924 3025 1026 3063 Flamma
1040 3027 1054 3067 l.
1064 3026 1086 3073 1,
1107 3026 1144 3064 sed
1158 3026 1205 3064 vide
1218 3028 1336 3074 mm
1355 3027 1382 3065 30

218 3081 297 3118 notam.

220 3237 243 3305 1)
269 3236 342 3288 inter
367 3237 467 3289 milites
493 3241 521 3288 et
548 3235 654 3305 pedites
672 3238 744 3290 ulbra
762 3241 879 3306 quatuor
897 3237 971 3289 milis
993 3238 1105 3304 Oqere'ns
1123 3238 1208 3289 Panis
1223 3255 1252 3304 p.
1268 3240 1335 3304 133;

217 3307 270 3360 tria
296 3307 372 3360 milis
401 3310 428 3360 el
458 3351 463 3362 .
485 3351 490 3362 .
512 3351 517 3362 .
538 3351 544 3362 .
573 3324 605 3360 eo
633 3308 750 3375 amplius
776 3307 1021 3362 Mediolanensium
1043 3310 1115 3363 Ann.
1135 3310 1268 3375 Beroen,
1288 3308 1334 3362 SS.

217 3379 328 3446 XVIII,
345 3396 374 3446 p.
387 3382 440 3435 809
457 3403 485 3422 =
502 3380 586 3434 ‘Misn
605 3380 636 3430 di
651 3383 737 3432 storia
749 3381 880 3432 Italiana'
896 3382 926 3443 V,
941 3398 970 3447 p.
985 3382 1049 3447 2243
1068 3380 1156 3432 mulla
1174 3379 1250 3432 milia
1262 3381 1334 3434 Ann.

217 3450 337 3506 Oresten.
365 3452 485 3502 Nimiam
513 3452 590 3516 fidem
618 3451 681 3502 naen
707 3452 835 3503 relationi
862 3451 1016 3517 Codeynelli
1040 3451 1111 3503 dedit
1139 3452 1336 3514 Winlcelmann,
1355 3466 1381 3504 ss

216 3521 336 3576 ‘Forsan
355 3540 378 3576 z.
397 3523 432 3576 D.
454 3522 555 3576 Geseh!
571 3523 633 3587 VII,
649 3538 678 3588 p.
692 3525 744 3576 299
756 3539 810 3589 sqq¹
834 3528 857 3573 et
875 3522 944 3574 ‘Ouo
957 3523 975 3572 I
979 3522 1016 3576 V!
1034 3540 1064 3588 p.
1076 3523 1130 3576 414
1142 3538 1179 3589 sq.
1216 3522 1336 3574 Daulotos

216 3600 240 3644 et
261 3600 414 3659 prostratos
438 3610 491 3646 esse
508 3594 719 3645 Mediolanenses
742 3601 849 3661 praeter
874 3594 922 3645 hos
946 3609 1012 3659 qnos
1036 3595 1157 3644 disemus
1181 3608 1235 3645 non
1259 3594 1335 3644 niodo

217 3664 326 3715 Sieordi
338 3666 419 3731 Cena,
439 3666 484 3716 sed
496 3673 519 3716 el
531 3666 603 3718 Ann.
617 3664 722 3719 Mediol.
736 3665 841 3719 breeim.
858 3683 886 3732 p.
897 3667 957 3727 392,
972 3665 1044 3718 Ann.
1058 3665 1084 3718 S.
1099 3665 1221 3715 Iustinae
1233 3665 1336 3726 Palae„

217 3734 264 3788 SS.
279 3734 360 3800 XIX,
376 3754 405 3802 p.
421 3738 480 3801 150,
503 3737 653 3788 Tolosonns
670 3739 757 3790 c.140
772 3761 802 3778 =
818 3736 914 3789 ceron.
935 3736 1030 3800 Mani„
1046 3737 1094 3790 66.
1107 3735 1183 3787 XXI
1187 3737 1214 3800 V,
1230 3751 1260 3801 p.
1273 3737 1334 3800 318,

216 3806 364 3865 Rieeobuld,
378 3809 500 3874 Ferrea,
512 3808 658 3871 Mnralors',
670 3808 719 3859 SS.
731 3807 783 3870 IX,
795 3808 839 3861 eol.
851 3809 910 3872 126,
924 3807 1076 3872 Ssbiavina,
1090 3809 1163 3861 Ann.
1174 3807 1333 3870 Aleenndr,
1353 3823 1381 3860 ιο

216 3877 286 3932 Hist.
301 3886 377 3945 patr.
396 3879 478 3943 Mon,
497 3878 545 3932 SS.
564 3879 615 3942 IV,
638 3879 684 3932 eol.
699 3881 750 3934 149
762 3895 810 3944 sq,
836 3878 906 3932 Will.
931 3879 1027 3942 Britto,
1047 3878 1094 3932 SS.
1109 3878 1218 3944 XXVI,
1234 3896 1262 3944 p.
1274 3879 1334 3932 305.

215 3951 345 4013 referunt.
383 3951 472 4016 Neque
489 3952 538 4016 qni
554 3952 644 4001 minus
662 3950 781 4013 infelicia
807 3951 839 4000 de
856 3949 1098 4002 Mediolanensibus
1120 3950 1242 4015 tradunt,
1261 3949 1334 4002 Ann.

216 4021 308 4074 Parm.
323 4039 353 4088 p.
366 4023 426 4086 666,
450 4022 519 4074 ΑΜ.
539 4021 620 4074 Bria.
637 4024 741 4088 12817,
758 4021 863 4072 Albensi
879 4020 979 4071 Milton
996 4021 1077 4072 Liber
1095 4021 1126 4072 de
1144 4027 1219 4087 lemn
1238 4037 1259 4074 s.
1272 4022 1334 4084 211,

215 4087 287 4145 Ann.
307 4093 414 4147 Mediol.
433 4095 548 4144 minores
569 4109 597 4159 p.
611 4096 672 4155 398,
692 4093 769 4144 Mem.
791 4092 895 4146 Mediol.
914 4109 940 4158 p.
954 4095 1015 4158 401,
1037 4092 1128 4146 ‘Onon
1146 4092 1177 4141 di
1193 4091 1333 4157 Boloqna',

215 4163 361 4230 Muratore',
376 4164 424 4217 SS.
437 4164 549 4227 XVIII,
568 4165 688 4230 001251,
707 4163 859 4228 Godaqneln·
870 4165 1024 4215 retellonem
1036 4164 1204 4228 confirmant,
1224 4178 1335 4228 questum
1353 4177 1380 4216 ss

214 4235 414 4301 aliquantulum
432 4237 597 4286 consentiunt
615 4236 686 4286 solae
705 4235 788 4286 Notae
807 4235 833 4288 S.
849 4234 959 4299 Georyis'
976 4235 1083 4288 Mediol.
1097 4251 1128 4300 p.
1141 4237 1202 4289 388.
