<?xml version="1.0" encoding="UTF-8"?>
<!DOCTYPE html PUBLIC "-//W3C//DTD XHTML 1.0 Transitional//EN"
    "http://www.w3.org/TR/xhtml1/DTD/xhtml1-transitional.dtd">
<html xmlns="http://www.w3.org/1999/xhtml" xml:lang="en" lang="en">
 <head>
  <title>
</title>
<meta http-equiv="Content-Type" content="text/html;charset=utf-8" />
  <meta name='ocr-system' content='tesseract 3.04.00' />
  <meta name='ocr-capabilities' content='ocr_page ocr_carea ocr_par ocr_line ocrx_word'/>
</head>
<body>
  <div class='ocr_page' id='page_1' title='image "./iohanniscodagne01codagoog_0112.png"; bbox 0 0 3112 4856; ppageno 0'>
   <div class='ocr_carea' id='block_1_1' title="bbox 246 240 1214 302">
    <p class='ocr_par' dir='ltr' id='par_1_1' title="bbox 246 240 1214 302">
     <span class='ocr_line' id='line_1_1' title="bbox 246 240 1214 302; baseline -0.004 0"><span class='ocrx_word' id='word_1_1' title='bbox 246 249 283 302; x_wconf 87' lang='lat'>88</span> <span class='ocrx_word' id='word_1_2' title='bbox 407 243 598 300; x_wconf 84' lang='lat' dir='ltr'><strong>IOHANNIS</strong></span> <span class='ocrx_word' id='word_1_3' title='bbox 618 241 866 298; x_wconf 80' lang='lat' dir='ltr'><strong>OODAGNMLLI</strong></span> <span class='ocrx_word' id='word_1_4' title='bbox 883 240 1066 296; x_wconf 83' lang='lat' dir='ltr'>ANNALES</span> <span class='ocrx_word' id='word_1_5' title='bbox 1084 242 1120 298; x_wconf 84' lang='lat' dir='ltr'>A.</span> <span class='ocrx_word' id='word_1_6' title='bbox 1135 245 1214 298; x_wconf 83' lang='grc'><strong>1228,</strong></span> 
     </span>
    </p>
   </div>
   <div class='ocr_carea' id='block_1_2' title="bbox 7 391 1407 868">
    <p class='ocr_par' dir='ltr' id='par_1_2' title="bbox 7 391 1407 868">
     <span class='ocr_line' id='line_1_2' title="bbox 7 391 1369 523; baseline -0.002 -30"><span class='ocrx_word' id='word_1_7' title='bbox 7 425 21 483; x_wconf 76' lang='grc' dir='ltr'>Ι</span> <span class='ocrx_word' id='word_1_8' title='bbox 150 437 228 492; x_wconf 78' lang='grc'><strong>1228.</strong></span> <span class='ocrx_word' id='word_1_9' title='bbox 246 391 410 494; x_wconf 70' lang='lat' dir='ltr'>accedere</span> <span class='ocrx_word' id='word_1_10' title='bbox 449 397 584 503; x_wconf 67' lang='lat' dir='ltr'>debere,</span> <span class='ocrx_word' id='word_1_11' title='bbox 626 428 721 492; x_wconf 90' lang='lat' dir='ltr'>misit</span> <span class='ocrx_word' id='word_1_12' title='bbox 759 427 900 490; x_wconf 89' lang='lat' dir='ltr'>nuntios</span> <span class='ocrx_word' id='word_1_13' title='bbox 935 446 1015 491; x_wconf 88' lang='lat' dir='ltr'>suos</span> <span class='ocrx_word' id='word_1_14' title='bbox 1060 428 1099 488; x_wconf 91' lang='lat' dir='ltr'>ut</span> <span class='ocrx_word' id='word_1_15' title='bbox 1133 446 1169 490; x_wconf 87' lang='lat' dir='ltr'>se</span> <span class='ocrx_word' id='word_1_16' title='bbox 1198 395 1369 523; x_wconf 64' lang='lat' dir='ltr'>supeinesre</span> 
     </span>
     <span class='ocr_line' id='line_1_3' title="bbox 29 477 1313 610; baseline -0.002 -28"><span class='ocrx_word' id='word_1_17' title='bbox 29 542 60 610; x_wconf 64' lang='lat' dir='ltr'><em>s</em></span> <span class='ocrx_word' id='word_1_18' title='bbox 247 507 423 594; x_wconf 73' lang='lat' dir='ltr'>deberent,</span> <span class='ocrx_word' id='word_1_19' title='bbox 449 518 558 582; x_wconf 85' lang='lat' dir='ltr'>donce</span> <span class='ocrx_word' id='word_1_20' title='bbox 582 517 625 581; x_wconf 93' lang='lat' dir='ltr'>de</span> <span class='ocrx_word' id='word_1_21' title='bbox 648 517 722 581; x_wconf 90' lang='lat' dir='ltr'>eius</span> <span class='ocrx_word' id='word_1_22' title='bbox 745 516 853 581; x_wconf 85' lang='lat' dir='ltr'>inerit</span> <span class='ocrx_word' id='word_1_23' title='bbox 876 477 1058 579; x_wconf 63' lang='lat' dir='ltr'>voluntdte</span> <span class='ocrx_word' id='word_1_24' title='bbox 1081 517 1117 578; x_wconf 89' lang='lat' dir='ltr'>et</span> <span class='ocrx_word' id='word_1_25' title='bbox 1140 518 1313 598; x_wconf 90' lang='lat' dir='ltr'>precepto.</span> 
     </span>
     <span class='ocr_line' id='line_1_4' title="bbox 154 601 1370 673; baseline 0 -6"><span class='ocrx_word' id='word_1_26' title='bbox 154 629 229 673; x_wconf 68' lang='lat' dir='ltr'>oms,</span> <span class='ocrx_word' id='word_1_27' title='bbox 354 605 623 671; x_wconf 81' lang='lat' dir='ltr'><strong>MOOXXVIII.</strong></span> <span class='ocrx_word' id='word_1_28' title='bbox 648 605 704 670; x_wconf 92' lang='lat' dir='ltr'>die</span> <span class='ocrx_word' id='word_1_29' title='bbox 719 605 885 670; x_wconf 80' lang='lat' dir='ltr'>Mercurii</span> <span class='ocrx_word' id='word_1_30' title='bbox 900 604 1014 668; x_wconf 68' lang='lat' dir='ltr'>IIII.a</span> <span class='ocrx_word' id='word_1_31' title='bbox 1040 604 1167 668; x_wconf 85' lang='lat' dir='ltr'>mensis</span> <span class='ocrx_word' id='word_1_32' title='bbox 1183 601 1370 668; x_wconf 84' lang='lat' dir='ltr'>Octubrisl</span> 
     </span>
     <span class='ocr_line' id='line_1_5' title="bbox 247 693 1369 776; baseline -0.004 -17"><span class='ocrx_word' id='word_1_33' title='bbox 247 695 482 760; x_wconf 89' lang='lat' dir='ltr'>Bononienses</span> <span class='ocrx_word' id='word_1_34' title='bbox 514 715 589 759; x_wconf 90' lang='lat' dir='ltr'>cum</span> <span class='ocrx_word' id='word_1_35' title='bbox 620 695 754 759; x_wconf 85' lang='lat' dir='ltr'>cerocio</span> <span class='ocrx_word' id='word_1_36' title='bbox 778 697 813 758; x_wconf 91' lang='lat' dir='ltr'>et</span> <span class='ocrx_word' id='word_1_37' title='bbox 837 715 916 758; x_wconf 89' lang='lat' dir='ltr'>cum</span> <span class='ocrx_word' id='word_1_38' title='bbox 938 693 1100 758; x_wconf 82' lang='lat' dir='ltr'>universe</span> <span class='ocrx_word' id='word_1_39' title='bbox 1122 695 1226 776; x_wconf 86' lang='lat' dir='ltr'>gente</span> <span class='ocrx_word' id='word_1_40' title='bbox 1250 713 1369 757; x_wconf 92' lang='lat' dir='ltr'>eorum</span> 
     </span>
     <span class='ocr_line' id='line_1_6' title="bbox 247 781 1407 868; baseline -0.002 -20"><span class='ocrx_word' id='word_1_41' title='bbox 247 785 409 862; x_wconf 91' lang='lat' dir='ltr'>militum,</span> <span class='ocrx_word' id='word_1_42' title='bbox 432 784 600 868; x_wconf 90' lang='lat' dir='ltr'>peditum,</span> <span class='ocrx_word' id='word_1_43' title='bbox 625 783 882 866; x_wconf 71' lang='lat' dir='ltr'><strong>sagittariorum</strong></span> <span class='ocrx_word' id='word_1_44' title='bbox 900 785 935 847; x_wconf 89' lang='lat' dir='ltr'>et</span> <span class='ocrx_word' id='word_1_45' title='bbox 951 781 1215 846; x_wconf 82' lang='lat' dir='ltr'>balesteriorum</span> <span class='ocrx_word' id='word_1_46' title='bbox 1238 784 1368 846; x_wconf 90' lang='lat' dir='ltr'>etcum</span> <span class='ocrx_word' id='word_1_47' title='bbox 1393 808 1407 846; x_wconf 81' lang='lat' dir='ltr'>s</span> 
     </span>
    </p>
   </div>
   <div class='ocr_carea' id='block_1_3' title="bbox 85 870 1418 3266">
    <p class='ocr_par' dir='ltr' id='par_1_3' title="bbox 85 870 1418 3266">
     <span class='ocr_line' id='line_1_7' title="bbox 247 870 1369 949; baseline -0.004 -12"><span class='ocrx_word' id='word_1_48' title='bbox 247 872 366 937; x_wconf 84' lang='lat' dir='ltr'>amicis</span> <span class='ocrx_word' id='word_1_49' title='bbox 397 893 516 938; x_wconf 90' lang='lat' dir='ltr'>eorum</span> <span class='ocrx_word' id='word_1_50' title='bbox 540 871 760 949; x_wconf 73' lang='lat' dir='ltr'>Florentinis,</span> <span class='ocrx_word' id='word_1_51' title='bbox 792 871 979 948; x_wconf 80' lang='lat' dir='ltr'>Fsentinis,</span> <span class='ocrx_word' id='word_1_52' title='bbox 1010 870 1369 943; x_wconf 84' lang='lat' dir='ltr'>Ravenatibus,1mo-</span> 
     </span>
     <span class='ocr_line' id='line_1_8' title="bbox 247 960 1369 1044; baseline -0.002 -19"><span class='ocrx_word' id='word_1_53' title='bbox 247 962 401 1027; x_wconf 91' lang='lat' dir='ltr'>lensibus</span> <span class='ocrx_word' id='word_1_54' title='bbox 431 965 468 1026; x_wconf 89' lang='lat' dir='ltr'>et</span> <span class='ocrx_word' id='word_1_55' title='bbox 497 961 575 1025; x_wconf 84' lang='lat' dir='ltr'>eliis</span> <span class='ocrx_word' id='word_1_56' title='bbox 601 960 740 1024; x_wconf 77' lang='lat' dir='ltr'>illerum</span> <span class='ocrx_word' id='word_1_57' title='bbox 765 961 914 1044; x_wconf 82' lang='lat' dir='ltr'>partium</span> <span class='ocrx_word' id='word_1_58' title='bbox 939 960 1158 1024; x_wconf 83' lang='lat' dir='ltr'>intraverunt</span> <span class='ocrx_word' id='word_1_59' title='bbox 1180 960 1218 1022; x_wconf 92' lang='lat' dir='ltr'>in</span> <span class='ocrx_word' id='word_1_60' title='bbox 1240 963 1369 1024; x_wconf 82' lang='lat' dir='ltr'>terram</span> 
     </span>
     <span class='ocr_line' id='line_1_9' title="bbox 247 1039 1369 1131; baseline -0.004 -17"><span class='ocrx_word' id='word_1_61' title='bbox 247 1050 499 1115; x_wconf 89' lang='lat' dir='ltr'>Mutinensium</span> <span class='ocrx_word' id='word_1_62' title='bbox 529 1039 747 1114; x_wconf 84' lang='lat' dir='ltr'>inimico‘rum</span> <span class='ocrx_word' id='word_1_63' title='bbox 771 1041 899 1126; x_wconf 71' lang='lat' dir='ltr'>ebrum</span> <span class='ocrx_word' id='word_1_64' title='bbox 930 1053 1060 1113; x_wconf 80' lang='lat' dir='ltr'>terrem</span> <span class='ocrx_word' id='word_1_65' title='bbox 1091 1068 1227 1131; x_wconf 89' lang='lat' dir='ltr'>quoque</span> <span class='ocrx_word' id='word_1_66' title='bbox 1250 1068 1369 1112; x_wconf 90' lang='lat' dir='ltr'>eorum</span> 
     </span>
     <span class='ocr_line' id='line_1_10' title="bbox 247 1131 1370 1223; baseline -0.004 -19"><span class='ocrx_word' id='word_1_67' title='bbox 247 1139 453 1223; x_wconf 83' lang='lat' dir='ltr'>depopulari</span> <span class='ocrx_word' id='word_1_68' title='bbox 476 1142 511 1202; x_wconf 91' lang='lat' dir='ltr'>et</span> <span class='ocrx_word' id='word_1_69' title='bbox 534 1139 614 1222; x_wconf 86' lang='lat' dir='ltr'>igne</span> <span class='ocrx_word' id='word_1_70' title='bbox 638 1159 789 1203; x_wconf 79' lang='lat' dir='ltr'>cremare</span> <span class='ocrx_word' id='word_1_71' title='bbox 810 1131 1062 1223; x_wconf 69' lang='lat' dir='ltr'>proposuisseb.</span> <span class='ocrx_word' id='word_1_72' title='bbox 1098 1137 1370 1201; x_wconf 79' lang='lat' dir='ltr'>Oestramenteti</span> 
     </span>
     <span class='ocr_line' id='line_1_11' title="bbox 247 1225 1417 1310; baseline 0 -19"><span class='ocrx_word' id='word_1_73' title='bbox 247 1229 392 1292; x_wconf 85' lang='lat' dir='ltr'>fuerunt</span> <span class='ocrx_word' id='word_1_74' title='bbox 414 1248 564 1310; x_wconf 86' lang='lat' dir='ltr'>namque</span> <span class='ocrx_word' id='word_1_75' title='bbox 586 1229 678 1292; x_wconf 86' lang='lat' dir='ltr'>circa</span> <span class='ocrx_word' id='word_1_76' title='bbox 702 1231 853 1292; x_wconf 83' lang='lat' dir='ltr'>castrum</span> <span class='ocrx_word' id='word_1_77' title='bbox 876 1228 920 1291; x_wconf 89' lang='lat' dir='ltr'>de</span> <span class='ocrx_word' id='word_1_78' title='bbox 939 1227 1092 1302; x_wconf 78' lang='lat' dir='ltr'>Bazan03</span> <span class='ocrx_word' id='word_1_79' title='bbox 1116 1225 1205 1289; x_wconf 93' lang='lat' dir='ltr'>illud</span> <span class='ocrx_word' id='word_1_80' title='bbox 1230 1225 1367 1309; x_wconf 91' lang='lat' dir='ltr'>quidem</span> <span class='ocrx_word' id='word_1_81' title='bbox 1390 1253 1417 1291; x_wconf 83' lang='grc' dir='ltr'>ιο</span> 
     </span>
     <span class='ocr_line' id='line_1_12' title="bbox 248 1316 1369 1401; baseline -0.003 -21"><span class='ocrx_word' id='word_1_82' title='bbox 248 1317 428 1401; x_wconf 78' lang='lat' dir='ltr'>mangenis</span> <span class='ocrx_word' id='word_1_83' title='bbox 458 1320 495 1382; x_wconf 85' lang='lat' dir='ltr'>et</span> <span class='ocrx_word' id='word_1_84' title='bbox 518 1317 684 1401; x_wconf 88' lang='lat' dir='ltr'>predariis</span> <span class='ocrx_word' id='word_1_85' title='bbox 715 1317 868 1400; x_wconf 89' lang='lat' dir='ltr'>undique</span> <span class='ocrx_word' id='word_1_86' title='bbox 892 1316 1089 1380; x_wconf 74' lang='lat' dir='ltr'>obsidentes</span> <span class='ocrx_word' id='word_1_87' title='bbox 1113 1319 1148 1380; x_wconf 90' lang='lat' dir='ltr'>et</span> <span class='ocrx_word' id='word_1_88' title='bbox 1172 1316 1369 1397; x_wconf 74' lang='lat' dir='ltr'>equitantes</span> 
     </span>
     <span class='ocr_line' id='line_1_13' title="bbox 248 1406 1370 1490; baseline -0.003 -21"><span class='ocrx_word' id='word_1_89' title='bbox 248 1427 310 1490; x_wconf 89' lang='lat' dir='ltr'>per</span> <span class='ocrx_word' id='word_1_90' title='bbox 332 1406 550 1470; x_wconf 88' lang='lat' dir='ltr'>inimicorum</span> <span class='ocrx_word' id='word_1_91' title='bbox 580 1410 708 1470; x_wconf 83' lang='lat' dir='ltr'>terrem</span> <span class='ocrx_word' id='word_1_92' title='bbox 732 1406 813 1488; x_wconf 84' lang='lat' dir='ltr'>igne</span> <span class='ocrx_word' id='word_1_93' title='bbox 836 1406 947 1489; x_wconf 82' lang='lat' dir='ltr'>ipsam</span> <span class='ocrx_word' id='word_1_94' title='bbox 970 1406 1209 1470; x_wconf 85' lang='lat' dir='ltr'>cremaverunt</span> <span class='ocrx_word' id='word_1_95' title='bbox 1233 1407 1269 1468; x_wconf 91' lang='lat' dir='ltr'>et</span> <span class='ocrx_word' id='word_1_96' title='bbox 1292 1424 1370 1467; x_wconf 91' lang='lat' dir='ltr'>con·</span> 
     </span>
     <span class='ocr_line' id='line_1_14' title="bbox 124 1491 1369 1576; baseline 0.002 -22"><span class='ocrx_word' id='word_1_97' title='bbox 124 1518 228 1560; x_wconf 66' lang='lat' dir='ltr'>ouer.</span> <span class='ocrx_word' id='word_1_98' title='bbox 248 1495 426 1559; x_wconf 88' lang='lat' dir='ltr'>buserunt.</span> <span class='ocrx_word' id='word_1_99' title='bbox 480 1495 546 1559; x_wconf 92' lang='lat' dir='ltr'>Die</span> <span class='ocrx_word' id='word_1_100' title='bbox 577 1498 695 1559; x_wconf 86' lang='lat' dir='ltr'>nutem</span> <span class='ocrx_word' id='word_1_101' title='bbox 718 1495 862 1559; x_wconf 91' lang='lat' dir='ltr'>Veneris</span> <span class='ocrx_word' id='word_1_102' title='bbox 892 1491 941 1558; x_wconf 85' lang='lat' dir='ltr'>et¹</span> <span class='ocrx_word' id='word_1_103' title='bbox 958 1494 1014 1557; x_wconf 91' lang='lat' dir='ltr'>die</span> <span class='ocrx_word' id='word_1_104' title='bbox 1046 1493 1184 1557; x_wconf 84' lang='lat' dir='ltr'>sabbati</span> <span class='ocrx_word' id='word_1_105' title='bbox 1214 1493 1369 1576; x_wconf 87' lang='lat' dir='ltr'>proximo</span> 
     </span>
     <span class='ocr_line' id='line_1_15' title="bbox 247 1582 1369 1666; baseline -0.004 -18"><span class='ocrx_word' id='word_1_106' title='bbox 247 1584 452 1648; x_wconf 81' lang='lat' dir='ltr'>Permexnni</span> <span class='ocrx_word' id='word_1_107' title='bbox 482 1604 560 1648; x_wconf 90' lang='lat' dir='ltr'>cum</span> <span class='ocrx_word' id='word_1_108' title='bbox 592 1584 726 1648; x_wconf 84' lang='lat' dir='ltr'>carocio</span> <span class='ocrx_word' id='word_1_109' title='bbox 756 1586 792 1647; x_wconf 90' lang='lat' dir='ltr'>et</span> <span class='ocrx_word' id='word_1_110' title='bbox 822 1583 917 1646; x_wconf 92' lang='lat' dir='ltr'>omni</span> <span class='ocrx_word' id='word_1_111' title='bbox 945 1585 1050 1666; x_wconf 86' lang='lat' dir='ltr'>gente</span> <span class='ocrx_word' id='word_1_112' title='bbox 1074 1602 1190 1647; x_wconf 91' lang='lat' dir='ltr'>eorum</span> <span class='ocrx_word' id='word_1_113' title='bbox 1217 1582 1369 1644; x_wconf 91' lang='lat' dir='ltr'>militum</span> 
     </span>
     <span class='ocr_line' id='line_1_16' title="bbox 247 1670 1417 1757; baseline 0 -20"><span class='ocrx_word' id='word_1_114' title='bbox 247 1677 283 1737; x_wconf 89' lang='lat' dir='ltr'>et</span> <span class='ocrx_word' id='word_1_115' title='bbox 306 1674 464 1757; x_wconf 89' lang='lat' dir='ltr'>peditum</span> <span class='ocrx_word' id='word_1_116' title='bbox 488 1673 646 1738; x_wconf 90' lang='lat' dir='ltr'>exierunt</span> <span class='ocrx_word' id='word_1_117' title='bbox 670 1673 846 1737; x_wconf 83' lang='lat' dir='ltr'>civitatem</span> <span class='ocrx_word' id='word_1_118' title='bbox 869 1672 906 1735; x_wconf 92' lang='lat' dir='ltr'>in</span> <span class='ocrx_word' id='word_1_119' title='bbox 929 1691 1129 1736; x_wconf 86' lang='lat' dir='ltr'>succursum</span> <span class='ocrx_word' id='word_1_120' title='bbox 1150 1674 1186 1735; x_wconf 88' lang='lat' dir='ltr'>et</span> <span class='ocrx_word' id='word_1_121' title='bbox 1202 1670 1369 1734; x_wconf 88' lang='lat' dir='ltr'>auxilium</span> <span class='ocrx_word' id='word_1_122' title='bbox 1390 1698 1417 1737; x_wconf 83' lang='lat'>15</span> 
     </span>
     <span class='ocr_line' id='line_1_17' title="bbox 247 1759 1369 1846; baseline -0.002 -22"><span class='ocrx_word' id='word_1_123' title='bbox 247 1762 498 1827; x_wconf 90' lang='lat' dir='ltr'>Mutinensium</span> <span class='ocrx_word' id='word_1_124' title='bbox 523 1763 731 1826; x_wconf 82' lang='lat' dir='ltr'>amicorum⁰</span> <span class='ocrx_word' id='word_1_125' title='bbox 760 1781 902 1846; x_wconf 87' lang='lat' dir='ltr'>pergere</span> <span class='ocrx_word' id='word_1_126' title='bbox 925 1760 1133 1825; x_wconf 84' lang='lat' dir='ltr'>festinantes</span> <span class='ocrx_word' id='word_1_127' title='bbox 1141 1761 1162 1820; x_wconf 80' lang='lat'>².</span> <span class='ocrx_word' id='word_1_128' title='bbox 1198 1759 1264 1823; x_wconf 93' lang='lat' dir='ltr'>Die</span> <span class='ocrx_word' id='word_1_129' title='bbox 1287 1779 1369 1824; x_wconf 87' lang='lat' dir='ltr'>vero</span> 
     </span>
     <span class='ocr_line' id='line_1_18' title="bbox 154 1846 1369 1915; baseline 0.001 -5"><span class='ocrx_word' id='word_1_130' title='bbox 154 1873 227 1914; x_wconf 63' lang='lat' dir='ltr'>oms.</span> <span class='ocrx_word' id='word_1_131' title='bbox 248 1846 443 1915; x_wconf 75' lang='lat' dir='ltr'>dominiced</span> <span class='ocrx_word' id='word_1_132' title='bbox 460 1851 586 1914; x_wconf 89' lang='lat' dir='ltr'>mensis</span> <span class='ocrx_word' id='word_1_133' title='bbox 609 1850 770 1914; x_wconf 85' lang='lat' dir='ltr'>veniente</span> <span class='ocrx_word' id='word_1_134' title='bbox 794 1849 961 1914; x_wconf 81' lang='lat' dir='ltr'>Cremone</span> <span class='ocrx_word' id='word_1_135' title='bbox 985 1848 1113 1914; x_wconf 86' lang='lat' dir='ltr'>milites</span> <span class='ocrx_word' id='word_1_136' title='bbox 1136 1849 1266 1913; x_wconf 91' lang='lat' dir='ltr'>eteius</span> <span class='ocrx_word' id='word_1_137' title='bbox 1290 1848 1369 1912; x_wconf 83' lang='lat' dir='ltr'>civi·</span> 
     </span>
     <span class='ocr_line' id='line_1_19' title="bbox 247 1937 1370 2023; baseline -0.002 -21"><span class='ocrx_word' id='word_1_138' title='bbox 247 1940 332 2004; x_wconf 84' lang='lat' dir='ltr'>tatis</span> <span class='ocrx_word' id='word_1_139' title='bbox 355 1938 538 2023; x_wconf 78' lang='lat' dir='ltr'>populares</span> <span class='ocrx_word' id='word_1_140' title='bbox 561 1939 599 2002; x_wconf 92' lang='lat' dir='ltr'>in</span> <span class='ocrx_word' id='word_1_141' title='bbox 621 1939 789 2002; x_wconf 85' lang='lat' dir='ltr'>auxilium</span> <span class='ocrx_word' id='word_1_142' title='bbox 809 1939 1059 2003; x_wconf 90' lang='lat' dir='ltr'>Mutinensium</span> <span class='ocrx_word' id='word_1_143' title='bbox 1082 1937 1252 2022; x_wconf 90' lang='lat' dir='ltr'>proficisci</span> <span class='ocrx_word' id='word_1_144' title='bbox 1274 1937 1370 2002; x_wconf 85' lang='lat' dir='ltr'>festi·</span> 
     </span>
     <span class='ocr_line' id='line_1_20' title="bbox 248 2027 1369 2111; baseline -0.003 -20"><span class='ocrx_word' id='word_1_145' title='bbox 248 2031 428 2092; x_wconf 80' lang='lat' dir='ltr'>neverunt.</span> <span class='ocrx_word' id='word_1_146' title='bbox 476 2028 522 2093; x_wconf 80' lang='lat' dir='ltr'>Et</span> <span class='ocrx_word' id='word_1_147' title='bbox 545 2049 585 2093; x_wconf 90' lang='lat' dir='ltr'>eo</span> <span class='ocrx_word' id='word_1_148' title='bbox 608 2031 763 2111; x_wconf 89' lang='lat' dir='ltr'>tempore</span> <span class='ocrx_word' id='word_1_149' title='bbox 788 2028 1022 2092; x_wconf 89' lang='lat' dir='ltr'>Bononienses</span> <span class='ocrx_word' id='word_1_150' title='bbox 1046 2030 1159 2091; x_wconf 82' lang='lat' dir='ltr'>cestro</span> <span class='ocrx_word' id='word_1_151' title='bbox 1182 2027 1273 2090; x_wconf 80' lang='lat' dir='ltr'>duo³</span> <span class='ocrx_word' id='word_1_152' title='bbox 1295 2027 1369 2088; x_wconf 93' lang='lat' dir='ltr'>Mu-</span> 
     </span>
     <span class='ocr_line' id='line_1_21' title="bbox 143 2115 1418 2201; baseline 0.004 -23"><span class='ocrx_word' id='word_1_153' title='bbox 143 2137 229 2186; x_wconf 63' lang='lat' dir='ltr'>mm.</span> <span class='ocrx_word' id='word_1_154' title='bbox 247 2117 434 2181; x_wconf 90' lang='lat' dir='ltr'>tinensium</span> <span class='ocrx_word' id='word_1_155' title='bbox 460 2121 635 2201; x_wconf 89' lang='lat' dir='ltr'>ceperunt,</span> <span class='ocrx_word' id='word_1_156' title='bbox 667 2117 796 2181; x_wconf 87' lang='lat' dir='ltr'>milites</span> <span class='ocrx_word' id='word_1_157' title='bbox 819 2120 855 2181; x_wconf 88' lang='lat' dir='ltr'>et</span> <span class='ocrx_word' id='word_1_158' title='bbox 878 2117 1022 2200; x_wconf 82' lang='lat' dir='ltr'>pedites,</span> <span class='ocrx_word' id='word_1_159' title='bbox 1052 2115 1126 2198; x_wconf 84' lang='lat' dir='ltr'>*qui</span> <span class='ocrx_word' id='word_1_160' title='bbox 1149 2115 1418 2183; x_wconf 68' lang='lat' dir='ltr'>custodiendis)</span> 
     </span>
     <span class='ocr_line' id='line_1_22' title="bbox 158 2204 1367 2290; baseline -0.001 -24"><span class='ocrx_word' id='word_1_161' title='bbox 158 2228 231 2271; x_wconf 69' lang='lat' dir='ltr'>oms.</span> <span class='ocrx_word' id='word_1_162' title='bbox 248 2227 352 2270; x_wconf 84' lang='lat' dir='ltr'>csusa</span> <span class='ocrx_word' id='word_1_163' title='bbox 374 2207 411 2270; x_wconf 92' lang='lat' dir='ltr'>in</span> <span class='ocrx_word' id='word_1_164' title='bbox 433 2207 517 2290; x_wconf 91' lang='lat' dir='ltr'>ipsis</span> <span class='ocrx_word' id='word_1_165' title='bbox 540 2207 696 2282; x_wconf 81' lang='lat' dir='ltr'>ederent,</span> <span class='ocrx_word' id='word_1_166' title='bbox 727 2206 934 2270; x_wconf 83' lang='lat' dir='ltr'>habuerunt.</span> <span class='ocrx_word' id='word_1_167' title='bbox 981 2205 1048 2269; x_wconf 90' lang='lat' dir='ltr'>Die</span> <span class='ocrx_word' id='word_1_168' title='bbox 1076 2205 1249 2269; x_wconf 80' lang='lat' dir='ltr'>dominica</span> <span class='ocrx_word' id='word_1_169' title='bbox 1265 2204 1367 2268; x_wconf 92' lang='lat' dir='ltr'><strong>VIII.</strong></span> 
     </span>
     <span class='ocr_line' id='line_1_23' title="bbox 247 2293 1367 2360; baseline -0.003 -1"><span class='ocrx_word' id='word_1_170' title='bbox 247 2295 402 2360; x_wconf 90' lang='lat' dir='ltr'>eiusdem</span> <span class='ocrx_word' id='word_1_171' title='bbox 437 2296 562 2360; x_wconf 89' lang='lat' dir='ltr'>mensis</span> <span class='ocrx_word' id='word_1_172' title='bbox 597 2295 788 2360; x_wconf 79' lang='lat' dir='ltr'>Mediolani</span> <span class='ocrx_word' id='word_1_173' title='bbox 822 2295 950 2359; x_wconf 87' lang='lat' dir='ltr'>milites</span> <span class='ocrx_word' id='word_1_174' title='bbox 985 2294 1142 2358; x_wconf 85' lang='lat' dir='ltr'>volentes</span> <span class='ocrx_word' id='word_1_175' title='bbox 1176 2293 1367 2358; x_wconf 88' lang='lat' dir='ltr'>subsidium</span> 
     </span>
     <span class='ocr_line' id='line_1_24' title="bbox 248 2383 1367 2467; baseline -0.004 -19"><span class='ocrx_word' id='word_1_176' title='bbox 248 2384 524 2450; x_wconf 89' lang='lat' dir='ltr'>Bononiensibus</span> <span class='ocrx_word' id='word_1_177' title='bbox 547 2385 666 2449; x_wconf 83' lang='lat' dir='ltr'>amicis</span> <span class='ocrx_word' id='word_1_178' title='bbox 691 2405 809 2448; x_wconf 89' lang='lat' dir='ltr'>eorum</span> <span class='ocrx_word' id='word_1_179' title='bbox 833 2385 1061 2467; x_wconf 72' lang='lat' dir='ltr'>prestarent</span> <span class='ocrx_word' id='word_1_180' title='bbox 1085 2384 1128 2446; x_wconf 86' lang='lat' dir='ltr'>ed</span> <span class='ocrx_word' id='word_1_181' title='bbox 1152 2383 1367 2466; x_wconf 91' lang='lat' dir='ltr'>propositum</span> 
     </span>
     <span class='ocr_line' id='line_1_25' title="bbox 248 2471 1368 2557; baseline -0.002 -20"><span class='ocrx_word' id='word_1_182' title='bbox 248 2493 306 2538; x_wconf 89' lang='lat' dir='ltr'>eos</span> <span class='ocrx_word' id='word_1_183' title='bbox 329 2474 462 2557; x_wconf 89' lang='lat' dir='ltr'>possint</span> <span class='ocrx_word' id='word_1_184' title='bbox 484 2495 654 2547; x_wconf 81' lang='lat' dir='ltr'>revocare,</span> <span class='ocrx_word' id='word_1_185' title='bbox 685 2474 753 2537; x_wconf 90' lang='lat' dir='ltr'>iter</span> <span class='ocrx_word' id='word_1_186' title='bbox 776 2494 893 2536; x_wconf 88' lang='lat' dir='ltr'>eorum</span> <span class='ocrx_word' id='word_1_187' title='bbox 917 2492 1035 2536; x_wconf 90' lang='lat' dir='ltr'>versus</span> <span class='ocrx_word' id='word_1_188' title='bbox 1058 2471 1217 2536; x_wconf 82' lang='lat' dir='ltr'>Gremsm</span> <span class='ocrx_word' id='word_1_189' title='bbox 1240 2472 1368 2536; x_wconf 86' lang='lat' dir='ltr'>direxe-</span> 
     </span>
     <span class='ocr_line' id='line_1_26' title="bbox 248 2561 1416 2646; baseline 0.003 -21"><span class='ocrx_word' id='word_1_190' title='bbox 248 2565 340 2639; x_wconf 90' lang='lat' dir='ltr'>runt,</span> <span class='ocrx_word' id='word_1_191' title='bbox 376 2566 503 2627; x_wconf 87' lang='lat' dir='ltr'>terram</span> <span class='ocrx_word' id='word_1_192' title='bbox 538 2583 673 2646; x_wconf 88' lang='lat' dir='ltr'>quoque</span> <span class='ocrx_word' id='word_1_193' title='bbox 704 2561 984 2626; x_wconf 77' lang='lat' dir='ltr'>Cremonensium</span> <span class='ocrx_word' id='word_1_194' title='bbox 1015 2561 1195 2626; x_wconf 82' lang='lat' dir='ltr'>devastare</span> <span class='ocrx_word' id='word_1_195' title='bbox 1217 2562 1262 2625; x_wconf 81' lang='lat' dir='ltr'>&#39;et</span> <span class='ocrx_word' id='word_1_196' title='bbox 1292 2580 1368 2624; x_wconf 88' lang='lat' dir='ltr'>con·</span> <span class='ocrx_word' id='word_1_197' title='bbox 1387 2590 1416 2628; x_wconf 77' lang='lat' dir='ltr'>ss</span> 
     </span>
     <span class='ocr_line' id='line_1_27' title="bbox 101 2645 1367 2735; baseline -0.002 -20"><span class='ocrx_word' id='word_1_198' title='bbox 101 2665 145 2707; x_wconf 70' lang='grc' dir='ltr'>θα-</span> <span class='ocrx_word' id='word_1_199' title='bbox 154 2666 228 2709; x_wconf 74' lang='lat'>11.12.</span> <span class='ocrx_word' id='word_1_200' title='bbox 248 2651 370 2715; x_wconf 90' lang='lat' dir='ltr'>burere</span> <span class='ocrx_word' id='word_1_201' title='bbox 383 2645 633 2735; x_wconf 68' lang='lat' dir='ltr'>proposuisseb.</span> <span class='ocrx_word' id='word_1_202' title='bbox 666 2651 732 2714; x_wconf 93' lang='lat' dir='ltr'>Die</span> <span class='ocrx_word' id='word_1_203' title='bbox 745 2651 908 2715; x_wconf 87' lang='lat' dir='ltr'>Mercurii</span> <span class='ocrx_word' id='word_1_204' title='bbox 921 2654 956 2715; x_wconf 90' lang='lat' dir='ltr'>et</span> <span class='ocrx_word' id='word_1_205' title='bbox 969 2651 1024 2714; x_wconf 91' lang='lat' dir='ltr'>die</span> <span class='ocrx_word' id='word_1_206' title='bbox 1037 2650 1130 2714; x_wconf 85' lang='lat' dir='ltr'>lovis</span> <span class='ocrx_word' id='word_1_207' title='bbox 1142 2650 1297 2733; x_wconf 85' lang='lat' dir='ltr'>proxime</span> <span class='ocrx_word' id='word_1_208' title='bbox 1308 2649 1367 2712; x_wconf 90' lang='lat' dir='ltr'>irn-</span> 
     </span>
     <span class='ocr_line' id='line_1_28' title="bbox 247 2738 1368 2824; baseline -0.004 -20"><span class='ocrx_word' id='word_1_209' title='bbox 247 2743 367 2824; x_wconf 91' lang='lat' dir='ltr'>petum</span> <span class='ocrx_word' id='word_1_210' title='bbox 389 2741 426 2803; x_wconf 91' lang='lat' dir='ltr'>in</span> <span class='ocrx_word' id='word_1_211' title='bbox 449 2743 576 2804; x_wconf 83' lang='lat' dir='ltr'>terram</span> <span class='ocrx_word' id='word_1_212' title='bbox 601 2739 882 2804; x_wconf 78' lang='lat' dir='ltr'>Cremonensium</span> <span class='ocrx_word' id='word_1_213' title='bbox 912 2740 1080 2804; x_wconf 80' lang='lat' dir='ltr'>facientes</span> <span class='ocrx_word' id='word_1_214' title='bbox 1107 2739 1208 2802; x_wconf 81' lang='lat' dir='ltr'>villus</span> <span class='ocrx_word' id='word_1_215' title='bbox 1233 2742 1268 2802; x_wconf 93' lang='lat' dir='ltr'>et</span> <span class='ocrx_word' id='word_1_216' title='bbox 1291 2738 1368 2802; x_wconf 83' lang='lat' dir='ltr'>looe</span> 
     </span>
     <span class='ocr_line' id='line_1_29' title="bbox 247 2827 1367 2913; baseline -0.001 -23"><span class='ocrx_word' id='word_1_217' title='bbox 247 2829 359 2891; x_wconf 80' lang='lat' dir='ltr'>mults</span> <span class='ocrx_word' id='word_1_218' title='bbox 389 2828 632 2906; x_wconf 87' lang='lat' dir='ltr'>conbuserunt,</span> <span class='ocrx_word' id='word_1_219' title='bbox 663 2829 805 2913; x_wconf 80' lang='lat' dir='ltr'>predum</span> <span class='ocrx_word' id='word_1_220' title='bbox 836 2849 998 2911; x_wconf 81' lang='lat' dir='ltr'>magnam</span> <span class='ocrx_word' id='word_1_221' title='bbox 1028 2831 1262 2892; x_wconf 84' lang='lat' dir='ltr'>armentorum</span> <span class='ocrx_word' id='word_1_222' title='bbox 1286 2827 1367 2890; x_wconf 88' lang='lat' dir='ltr'>inde</span> 
     </span>
     <span class='ocr_line' id='line_1_30' title="bbox 85 2915 1367 2994; baseline -0.002 -13"><span class='ocrx_word' id='word_1_223' title='bbox 85 2931 129 2974; x_wconf 59' lang='grc' dir='ltr'>θεέ.</span> <span class='ocrx_word' id='word_1_224' title='bbox 137 2932 228 2976; x_wconf 66' lang='grc'>13-19.</span> <span class='ocrx_word' id='word_1_225' title='bbox 247 2918 414 2981; x_wconf 90' lang='lat' dir='ltr'>ducentes</span> <span class='ocrx_word' id='word_1_226' title='bbox 423 2917 445 2979; x_wconf 76' lang='lat'>⁴.</span> <span class='ocrx_word' id='word_1_227' title='bbox 493 2917 659 2981; x_wconf 83' lang='lat' dir='ltr'>Similiter</span> <span class='ocrx_word' id='word_1_228' title='bbox 682 2918 738 2981; x_wconf 90' lang='lat' dir='ltr'>die</span> <span class='ocrx_word' id='word_1_229' title='bbox 754 2918 907 2993; x_wconf 87' lang='lat' dir='ltr'>Veneris,</span> <span class='ocrx_word' id='word_1_230' title='bbox 932 2918 988 2982; x_wconf 92' lang='lat' dir='ltr'>die</span> <span class='ocrx_word' id='word_1_231' title='bbox 1012 2917 1157 2994; x_wconf 82' lang='lat' dir='ltr'>sabbati,</span> <span class='ocrx_word' id='word_1_232' title='bbox 1183 2917 1239 2980; x_wconf 90' lang='lat' dir='ltr'>die</span> <span class='ocrx_word' id='word_1_233' title='bbox 1263 2915 1367 2979; x_wconf 93' lang='lat' dir='ltr'>domi·</span> 
     </span>
     <span class='ocr_line' id='line_1_31' title="bbox 246 3004 1414 3082; baseline 0.002 -14"><span class='ocrx_word' id='word_1_234' title='bbox 246 3005 336 3082; x_wconf 88' lang='lat' dir='ltr'>nico,</span> <span class='ocrx_word' id='word_1_235' title='bbox 368 3006 423 3070; x_wconf 91' lang='lat' dir='ltr'>die</span> <span class='ocrx_word' id='word_1_236' title='bbox 454 3006 561 3082; x_wconf 86' lang='lat' dir='ltr'>Lune,</span> <span class='ocrx_word' id='word_1_237' title='bbox 597 3005 653 3070; x_wconf 89' lang='lat' dir='ltr'>die</span> <span class='ocrx_word' id='word_1_238' title='bbox 683 3006 815 3082; x_wconf 78' lang='lat' dir='ltr'>Martis,</span> <span class='ocrx_word' id='word_1_239' title='bbox 848 3006 904 3070; x_wconf 91' lang='lat' dir='ltr'>die</span> <span class='ocrx_word' id='word_1_240' title='bbox 928 3006 1092 3071; x_wconf 88' lang='lat' dir='ltr'>Mercurii</span> <span class='ocrx_word' id='word_1_241' title='bbox 1122 3009 1158 3070; x_wconf 89' lang='lat' dir='ltr'>et</span> <span class='ocrx_word' id='word_1_242' title='bbox 1189 3005 1243 3070; x_wconf 89' lang='lat' dir='ltr'>die</span> <span class='ocrx_word' id='word_1_243' title='bbox 1274 3004 1366 3068; x_wconf 86' lang='lat' dir='ltr'>Iovis</span> <span class='ocrx_word' id='word_1_244' title='bbox 1387 3033 1414 3070; x_wconf 80' lang='lat' dir='ltr'>so</span> 
     </span>
     <span class='ocr_line' id='line_1_32' title="bbox 247 3094 1366 3178; baseline 0 -20"><span class='ocrx_word' id='word_1_245' title='bbox 247 3113 309 3177; x_wconf 91' lang='lat' dir='ltr'>per</span> <span class='ocrx_word' id='word_1_246' title='bbox 338 3094 535 3158; x_wconf 89' lang='lat' dir='ltr'>districtum</span> <span class='ocrx_word' id='word_1_247' title='bbox 566 3094 733 3159; x_wconf 75' lang='lat' dir='ltr'>Cremone</span> <span class='ocrx_word' id='word_1_248' title='bbox 765 3095 960 3178; x_wconf 78' lang='lat' dir='ltr'>equitantes</span> <span class='ocrx_word' id='word_1_249' title='bbox 990 3095 1091 3160; x_wconf 79' lang='lat' dir='ltr'>villus</span> <span class='ocrx_word' id='word_1_250' title='bbox 1121 3098 1157 3159; x_wconf 88' lang='lat' dir='ltr'>et</span> <span class='ocrx_word' id='word_1_251' title='bbox 1187 3095 1263 3158; x_wconf 86' lang='lat' dir='ltr'>loca</span> <span class='ocrx_word' id='word_1_252' title='bbox 1292 3094 1366 3158; x_wconf 80' lang='lat' dir='ltr'>fere</span> 
     </span>
     <span class='ocr_line' id='line_1_33' title="bbox 246 3183 912 3266; baseline 0 -20"><span class='ocrx_word' id='word_1_253' title='bbox 246 3203 355 3266; x_wconf 89' lang='lat' dir='ltr'>usque</span> <span class='ocrx_word' id='word_1_254' title='bbox 379 3184 423 3246; x_wconf 81' lang='lat' dir='ltr'>ad</span> <span class='ocrx_word' id='word_1_255' title='bbox 446 3183 623 3248; x_wconf 82' lang='lat' dir='ltr'>civitatem</span> <span class='ocrx_word' id='word_1_256' title='bbox 647 3185 881 3250; x_wconf 89' lang='lat' dir='ltr'>conbuserunt</span> <span class='ocrx_word' id='word_1_257' title='bbox 891 3183 912 3246; x_wconf 74' lang='lat'>⁵.</span> 
     </span>
    </p>
   </div>
   <div class='ocr_carea' id='block_1_4' title="bbox 21 1009 37 1074">
    <p class='ocr_par' dir='ltr' id='par_1_4' title="bbox 21 1009 37 1074">
     <span class='ocr_line' id='line_1_34' title="bbox 21 1009 37 1074; baseline 0 0"><span class='ocrx_word' id='word_1_258' title='bbox 21 1009 37 1074; x_wconf 77' lang='lat'><em>7</em></span> 
     </span>
    </p>
   </div>
   <div class='ocr_carea' id='block_1_5' title="bbox 246 3317 1413 3477">
    <p class='ocr_par' dir='ltr' id='par_1_5' title="bbox 246 3317 1413 3477">
     <span class='ocr_line' id='line_1_35' title="bbox 247 3317 1366 3371; baseline -0.001 -12"><span class='ocrx_word' id='word_1_259' title='bbox 247 3319 269 3367; x_wconf 80' lang='lat' dir='ltr'>s)</span> <span class='ocrx_word' id='word_1_260' title='bbox 282 3321 345 3362; x_wconf 84' lang='lat' dir='ltr'><strong>VIII.</strong></span> <span class='ocrx_word' id='word_1_261' title='bbox 360 3332 384 3370; x_wconf 69' lang='lat' dir='ltr'>e,</span> <span class='ocrx_word' id='word_1_262' title='bbox 399 3323 456 3371; x_wconf 75' lang='lat' dir='ltr'>quod</span> <span class='ocrx_word' id='word_1_263' title='bbox 470 3322 612 3370; x_wconf 69' lang='lat' dir='ltr'>Oodoanellus</span> <span class='ocrx_word' id='word_1_264' title='bbox 625 3322 718 3360; x_wconf 78' lang='lat' dir='ltr'>scribere</span> <span class='ocrx_word' id='word_1_265' title='bbox 736 3333 778 3361; x_wconf 77' lang='lat' dir='ltr'>non</span> <span class='ocrx_word' id='word_1_266' title='bbox 790 3323 875 3371; x_wconf 73' lang='lat' dir='ltr'>poruit,·</span> <span class='ocrx_word' id='word_1_267' title='bbox 894 3323 923 3369; x_wconf 76' lang='lat' dir='ltr'>cf.</span> <span class='ocrx_word' id='word_1_268' title='bbox 938 3323 1001 3370; x_wconf 76' lang='lat' dir='ltr'>infra</span> <span class='ocrx_word' id='word_1_269' title='bbox 1015 3323 1030 3361; x_wconf 89' lang='lat' dir='ltr'>l.</span> <span class='ocrx_word' id='word_1_270' title='bbox 1041 3321 1074 3363; x_wconf 83' lang='grc'>21.</span> <span class='ocrx_word' id='word_1_271' title='bbox 1141 3320 1164 3370; x_wconf 83' lang='grc'>1))</span> <span class='ocrx_word' id='word_1_272' title='bbox 1183 3321 1211 3368; x_wconf 78' lang='lat' dir='ltr'>cf.</span> <span class='ocrx_word' id='word_1_273' title='bbox 1227 3321 1263 3362; x_wconf 77' lang='lat' dir='ltr'>‘M</span> <span class='ocrx_word' id='word_1_274' title='bbox 1278 3317 1366 3359; x_wconf 77' lang='lat' dir='ltr'>Archio&#39;</span> 
     </span>
     <span class='ocr_line' id='line_1_36' title="bbox 246 3371 1367 3426; baseline 0.003 -14"><span class='ocrx_word' id='word_1_275' title='bbox 246 3374 311 3424; x_wconf 81' lang='lat' dir='ltr'>XVI,</span> <span class='ocrx_word' id='word_1_276' title='bbox 320 3387 344 3424; x_wconf 79' lang='lat' dir='ltr'>p,</span> <span class='ocrx_word' id='word_1_277' title='bbox 354 3375 400 3417; x_wconf 83' lang='grc'>268.</span> <span class='ocrx_word' id='word_1_278' title='bbox 441 3375 462 3426; x_wconf 89' lang='lat' dir='ltr'>o)</span> <span class='ocrx_word' id='word_1_279' title='bbox 476 3385 553 3414; x_wconf 89' lang='lat' dir='ltr'>eorum</span> <span class='ocrx_word' id='word_1_280' title='bbox 561 3376 702 3424; x_wconf 76' lang='lat' dir='ltr'>supplendum</span> <span class='ocrx_word' id='word_1_281' title='bbox 716 3386 761 3414; x_wconf 81' lang='lat' dir='ltr'>esse</span> <span class='ocrx_word' id='word_1_282' title='bbox 769 3377 861 3426; x_wconf 76' lang='lat' dir='ltr'>viderur,</span> <span class='ocrx_word' id='word_1_283' title='bbox 876 3376 1022 3414; x_wconf 71' lang='lat' dir='ltr'>utseceenn&#39;es</span> <span class='ocrx_word' id='word_1_284' title='bbox 1031 3375 1128 3423; x_wconf 73' lang='lat' dir='ltr'>Godaan.</span> <span class='ocrx_word' id='word_1_285' title='bbox 1137 3375 1232 3424; x_wconf 74' lang='lat' dir='ltr'>scripsit.</span> <span class='ocrx_word' id='word_1_286' title='bbox 1274 3371 1297 3424; x_wconf 83' lang='lat' dir='ltr'>d)</span> <span class='ocrx_word' id='word_1_287' title='bbox 1304 3373 1367 3415; x_wconf 88' lang='lat' dir='ltr'>v111.</span> 
     </span>
     <span class='ocr_line' id='line_1_37' title="bbox 247 3423 1413 3477; baseline 0.001 -10"><span class='ocrx_word' id='word_1_288' title='bbox 247 3429 345 3467; x_wconf 81' lang='lat' dir='ltr'>eiusdem</span> <span class='ocrx_word' id='word_1_289' title='bbox 359 3432 382 3467; x_wconf 78' lang='lat' dir='ltr'>ut</span> <span class='ocrx_word' id='word_1_290' title='bbox 396 3429 412 3468; x_wconf 83' lang='lat'>1.</span> <span class='ocrx_word' id='word_1_291' title='bbox 422 3429 456 3468; x_wconf 77' lang='grc'>21.</span> <span class='ocrx_word' id='word_1_292' title='bbox 466 3429 500 3470; x_wconf 78' lang='grc'>22.</span> <span class='ocrx_word' id='word_1_293' title='bbox 513 3430 654 3477; x_wconf 75' lang='lat' dir='ltr'>supplendum</span> <span class='ocrx_word' id='word_1_294' title='bbox 669 3439 713 3468; x_wconf 85' lang='lat' dir='ltr'>esse</span> <span class='ocrx_word' id='word_1_295' title='bbox 726 3430 819 3468; x_wconf 77' lang='lat' dir='ltr'>videtur.</span> <span class='ocrx_word' id='word_1_296' title='bbox 1386 3423 1413 3462; x_wconf 79' lang='grc'>35</span> 
     </span>
    </p>
   </div>
   <div class='ocr_carea' id='block_1_6' title="bbox 241 3534 1440 4386">
    <p class='ocr_par' dir='ltr' id='par_1_6' title="bbox 245 3534 1440 4100">
     <span class='ocr_line' id='line_1_38' title="bbox 248 3534 1366 3600; baseline 0.001 -12"><span class='ocrx_word' id='word_1_297' title='bbox 248 3534 275 3600; x_wconf 91' lang='grc'>1)</span> <span class='ocrx_word' id='word_1_298' title='bbox 298 3535 420 3587; x_wconf 79' lang='lat' dir='ltr'>Eundem</span> <span class='ocrx_word' id='word_1_299' title='bbox 444 3536 513 3587; x_wconf 76' lang='lat' dir='ltr'>diem</span> <span class='ocrx_word' id='word_1_300' title='bbox 536 3535 632 3586; x_wconf 79' lang='lat' dir='ltr'>babent</span> <span class='ocrx_word' id='word_1_301' title='bbox 654 3535 726 3589; x_wconf 75' lang='lat' dir='ltr'>Anu.</span> <span class='ocrx_word' id='word_1_302' title='bbox 750 3541 797 3589; x_wconf 74' lang='lat' dir='ltr'>eet.</span> <span class='ocrx_word' id='word_1_303' title='bbox 816 3535 924 3598; x_wconf 67' lang='lat' dir='ltr'>Metire,</span> <span class='ocrx_word' id='word_1_304' title='bbox 943 3536 1090 3599; x_wconf 76' lang='lat' dir='ltr'>Muretori,</span> <span class='ocrx_word' id='word_1_305' title='bbox 1116 3534 1163 3588; x_wconf 80' lang='lat' dir='ltr'>SS.</span> <span class='ocrx_word' id='word_1_306' title='bbox 1187 3534 1240 3600; x_wconf 89' lang='lat' dir='ltr'>XI,</span> <span class='ocrx_word' id='word_1_307' title='bbox 1262 3534 1308 3588; x_wconf 85' lang='lat' dir='ltr'>eol.</span> <span class='ocrx_word' id='word_1_308' title='bbox 1322 3535 1366 3597; x_wconf 80' lang='lat'>59,</span> 
     </span>
     <span class='ocr_line' id='line_1_39' title="bbox 246 3605 1366 3673; baseline 0 -18"><span class='ocrx_word' id='word_1_309' title='bbox 246 3606 295 3671; x_wconf 79' lang='lat' dir='ltr'>qui</span> <span class='ocrx_word' id='word_1_310' title='bbox 311 3607 407 3671; x_wconf 78' lang='lat' dir='ltr'>optime</span> <span class='ocrx_word' id='word_1_311' title='bbox 424 3606 517 3658; x_wconf 83' lang='lat' dir='ltr'>dehac</span> <span class='ocrx_word' id='word_1_312' title='bbox 533 3606 696 3673; x_wconf 72' lang='lat' dir='ltr'>mpeditione</span> <span class='ocrx_word' id='word_1_313' title='bbox 708 3608 839 3670; x_wconf 80' lang='lat' dir='ltr'>referunt.</span> <span class='ocrx_word' id='word_1_314' title='bbox 869 3606 930 3658; x_wconf 86' lang='lat' dir='ltr'>Iam</span> <span class='ocrx_word' id='word_1_315' title='bbox 942 3607 1011 3673; x_wconf 77' lang='lat' dir='ltr'>Sept.</span> <span class='ocrx_word' id='word_1_316' title='bbox 1023 3608 1066 3661; x_wconf 81' lang='lat'>29.</span> <span class='ocrx_word' id='word_1_317' title='bbox 1079 3605 1239 3657; x_wconf 80' lang='lat' dir='ltr'>obsidionem</span> <span class='ocrx_word' id='word_1_318' title='bbox 1250 3610 1366 3672; x_wconf 76' lang='lat' dir='ltr'>coeptam</span> 
     </span>
     <span class='ocr_line' id='line_1_40' title="bbox 246 3677 1440 3745; baseline 0.001 -18"><span class='ocrx_word' id='word_1_319' title='bbox 246 3691 299 3727; x_wconf 82' lang='lat' dir='ltr'>esce</span> <span class='ocrx_word' id='word_1_320' title='bbox 316 3677 403 3745; x_wconf 70' lang='lat' dir='ltr'>tradit</span> <span class='ocrx_word' id='word_1_321' title='bbox 419 3677 564 3729; x_wconf 81' lang='lat' dir='ltr'>Tolosa-nus</span> <span class='ocrx_word' id='word_1_322' title='bbox 581 3693 601 3731; x_wconf 87' lang='lat' dir='ltr'>c.</span> <span class='ocrx_word' id='word_1_323' title='bbox 618 3679 677 3740; x_wconf 91' lang='grc'><strong>188,</strong></span> <span class='ocrx_word' id='word_1_324' title='bbox 694 3695 721 3744; x_wconf 81' lang='lat' dir='ltr'>p.</span> <span class='ocrx_word' id='word_1_325' title='bbox 736 3680 801 3744; x_wconf 77' lang='lat'>7223</span> <span class='ocrx_word' id='word_1_326' title='bbox 820 3677 889 3744; x_wconf 81' lang='lat' dir='ltr'>quod</span> <span class='ocrx_word' id='word_1_327' title='bbox 906 3680 962 3728; x_wconf 79' lang='lat' dir='ltr'>iem</span> <span class='ocrx_word' id='word_1_328' title='bbox 981 3677 1050 3744; x_wconf 79' lang='lat' dir='ltr'>Sept.</span> <span class='ocrx_word' id='word_1_329' title='bbox 1065 3681 1089 3732; x_wconf 87' lang='lat'>5.</span> <span class='ocrx_word' id='word_1_330' title='bbox 1109 3677 1212 3740; x_wconf 80' lang='lat' dir='ltr'>sectum</span> <span class='ocrx_word' id='word_1_331' title='bbox 1231 3692 1283 3729; x_wconf 82' lang='lat' dir='ltr'>esse</span> <span class='ocrx_word' id='word_1_332' title='bbox 1300 3681 1366 3728; x_wconf 79' lang='lat' dir='ltr'>certe</span> <span class='ocrx_word' id='word_1_333' title='bbox 1438 3683 1440 3687; x_wconf 88' lang='lat'>&#39;</span> 
     </span>
     <span class='ocr_line' id='line_1_41' title="bbox 246 3747 1366 3816; baseline 0 -19"><span class='ocrx_word' id='word_1_334' title='bbox 246 3747 321 3810; x_wconf 76' lang='lat' dir='ltr'>falso</span> <span class='ocrx_word' id='word_1_335' title='bbox 332 3747 455 3811; x_wconf 75' lang='lat' dir='ltr'>referunt</span> <span class='ocrx_word' id='word_1_336' title='bbox 467 3749 540 3802; x_wconf 75' lang='lat' dir='ltr'>Aen.</span> <span class='ocrx_word' id='word_1_337' title='bbox 549 3749 642 3803; x_wconf 87' lang='lat' dir='ltr'>Perm.</span> <span class='ocrx_word' id='word_1_338' title='bbox 655 3751 719 3803; x_wconf 79' lang='lat' dir='ltr'>mei.</span> <span class='ocrx_word' id='word_1_339' title='bbox 732 3767 758 3816; x_wconf 83' lang='lat' dir='ltr'>p.</span> <span class='ocrx_word' id='word_1_340' title='bbox 768 3751 829 3803; x_wconf 85' lang='grc'><strong>667.</strong></span> <span class='ocrx_word' id='word_1_341' title='bbox 883 3751 911 3816; x_wconf 87' lang='grc'>2)</span> <span class='ocrx_word' id='word_1_342' title='bbox 930 3749 1043 3800; x_wconf 77' lang='lat' dir='ltr'>Domum</span> <span class='ocrx_word' id='word_1_343' title='bbox 1053 3755 1193 3814; x_wconf 80' lang='lat' dir='ltr'>postquem</span> <span class='ocrx_word' id='word_1_344' title='bbox 1206 3749 1366 3800; x_wconf 81' lang='lat' dir='ltr'>Bezzenum</span> 
     </span>
     <span class='ocr_line' id='line_1_42' title="bbox 246 3818 1413 3886; baseline 0.003 -17"><span class='ocrx_word' id='word_1_345' title='bbox 246 3818 334 3870; x_wconf 76' lang='lat' dir='ltr'>tribus</span> <span class='ocrx_word' id='word_1_346' title='bbox 358 3819 516 3885; x_wconf 79' lang='lat' dir='ltr'>septimanis</span> <span class='ocrx_word' id='word_1_347' title='bbox 534 3819 664 3871; x_wconf 78' lang='lat' dir='ltr'>obsessum</span> <span class='ocrx_word' id='word_1_348' title='bbox 682 3826 729 3886; x_wconf 81' lang='lat' dir='ltr'>est,</span> <span class='ocrx_word' id='word_1_349' title='bbox 755 3820 851 3872; x_wconf 83' lang='lat' dir='ltr'>horum</span> <span class='ocrx_word' id='word_1_350' title='bbox 870 3821 1013 3871; x_wconf 76' lang='lat' dir='ltr'>exereitum</span> <span class='ocrx_word' id='word_1_351' title='bbox 1038 3820 1174 3872; x_wconf 78' lang='lat' dir='ltr'>ademisse</span> <span class='ocrx_word' id='word_1_352' title='bbox 1191 3819 1262 3884; x_wconf 77' lang='lat' dir='ltr'>salso</span> <span class='ocrx_word' id='word_1_353' title='bbox 1280 3819 1366 3870; x_wconf 76' lang='lat' dir='ltr'>tradit</span> <span class='ocrx_word' id='word_1_354' title='bbox 1384 3833 1413 3872; x_wconf 76' lang='lat' dir='ltr'>eo</span> 
     </span>
     <span class='ocr_line' id='line_1_43' title="bbox 251 3888 1364 3958; baseline 0.004 -19"><span class='ocrx_word' id='word_1_355' title='bbox 251 3888 408 3942; x_wconf 73' lang='lat' dir='ltr'>Tolosam.</span> <span class='ocrx_word' id='word_1_356' title='bbox 462 3891 491 3957; x_wconf 86' lang='lat'>3)</span> <span class='ocrx_word' id='word_1_357' title='bbox 510 3890 636 3955; x_wconf 72' lang='lat' dir='ltr'>Viqnelae</span> <span class='ocrx_word' id='word_1_358' title='bbox 653 3897 771 3943; x_wconf 79' lang='lat' dir='ltr'>oestrum</span> <span class='ocrx_word' id='word_1_359' title='bbox 789 3891 842 3946; x_wconf 77' lang='lat' dir='ltr'>Oct.</span> <span class='ocrx_word' id='word_1_360' title='bbox 857 3894 897 3946; x_wconf 89' lang='lat'>10.</span> <span class='ocrx_word' id='word_1_361' title='bbox 916 3897 1023 3958; x_wconf 79' lang='lat' dir='ltr'>captum</span> <span class='ocrx_word' id='word_1_362' title='bbox 1041 3906 1094 3943; x_wconf 82' lang='lat' dir='ltr'>esee</span> <span class='ocrx_word' id='word_1_363' title='bbox 1112 3891 1184 3945; x_wconf 71' lang='lat' dir='ltr'>Anu.</span> <span class='ocrx_word' id='word_1_364' title='bbox 1203 3896 1250 3945; x_wconf 78' lang='lat' dir='ltr'>oet.</span> <span class='ocrx_word' id='word_1_365' title='bbox 1266 3890 1364 3944; x_wconf 77' lang='lat' dir='ltr'>Metire.</span> 
     </span>
     <span class='ocr_line' id='line_1_44' title="bbox 245 3961 1366 4028; baseline 0.001 -16"><span class='ocrx_word' id='word_1_366' title='bbox 245 3961 377 4024; x_wconf 74' lang='lat' dir='ltr'>referunt.</span> <span class='ocrx_word' id='word_1_367' title='bbox 459 3961 487 4028; x_wconf 84' lang='lat'>4)</span> <span class='ocrx_word' id='word_1_368' title='bbox 508 3961 574 4014; x_wconf 78' lang='lat' dir='ltr'>Vide</span> <span class='ocrx_word' id='word_1_369' title='bbox 591 3963 731 4015; x_wconf 73' lang='lat' dir='ltr'>relationes</span> <span class='ocrx_word' id='word_1_370' title='bbox 749 3963 865 4014; x_wconf 78' lang='lat' dir='ltr'>duomem</span> <span class='ocrx_word' id='word_1_371' title='bbox 882 3963 1053 4014; x_wconf 77' lang='lat' dir='ltr'>notariorum</span> <span class='ocrx_word' id='word_1_372' title='bbox 1072 3963 1104 4014; x_wconf 84' lang='lat' dir='ltr'>de</span> <span class='ocrx_word' id='word_1_373' title='bbox 1121 3961 1366 4015; x_wconf 71' lang='lat' dir='ltr'>Mediolanensibus</span> 
     </span>
     <span class='ocr_line' id='line_1_45' title="bbox 245 4032 1364 4100; baseline 0.001 -17"><span class='ocrx_word' id='word_1_374' title='bbox 245 4038 348 4083; x_wconf 80' lang='lat' dir='ltr'>terrem</span> <span class='ocrx_word' id='word_1_375' title='bbox 360 4033 432 4084; x_wconf 80' lang='lat' dir='ltr'>circe</span> <span class='ocrx_word' id='word_1_376' title='bbox 445 4033 589 4084; x_wconf 56' lang='lat' dir='ltr'>meum</span> <span class='ocrx_word' id='word_1_377' title='bbox 604 4034 647 4085; x_wconf 75' lang='lat' dir='ltr'>die</span> <span class='ocrx_word' id='word_1_378' title='bbox 660 4034 713 4089; x_wconf 79' lang='lat' dir='ltr'>Oet,</span> <span class='ocrx_word' id='word_1_379' title='bbox 727 4036 769 4088; x_wconf 83' lang='lat'>13.</span> <span class='ocrx_word' id='word_1_380' title='bbox 782 4034 956 4099; x_wconf 68' lang='lat' dir='ltr'>vacantibus,</span> <span class='ocrx_word' id='word_1_381' title='bbox 973 4033 1169 4100; x_wconf 80' lang='lat' dir='ltr'>Winkelmenn,</span> <span class='ocrx_word' id='word_1_382' title='bbox 1182 4034 1251 4085; x_wconf 80' lang='lat' dir='ltr'>Aeta</span> <span class='ocrx_word' id='word_1_383' title='bbox 1263 4035 1327 4100; x_wconf 76' lang='lat' dir='ltr'>imp.</span> <span class='ocrx_word' id='word_1_384' title='bbox 1340 4032 1364 4098; x_wconf 88' lang='lat' dir='ltr'>I,</span> 
     </span>
    </p>

    <p class='ocr_par' dir='ltr' id='par_1_7' title="bbox 241 4103 1411 4386">
     <span class='ocr_line' id='line_1_46' title="bbox 241 4103 1367 4173; baseline -0.003 -15"><span class='ocrx_word' id='word_1_385' title='bbox 241 4121 272 4170; x_wconf 71' lang='grc' dir='ltr'>ρ.</span> <span class='ocrx_word' id='word_1_386' title='bbox 290 4104 344 4158; x_wconf 85' lang='grc'>491</span> <span class='ocrx_word' id='word_1_387' title='bbox 362 4119 411 4170; x_wconf 70' lang='lat' dir='ltr'>sq,</span> <span class='ocrx_word' id='word_1_388' title='bbox 442 4119 487 4158; x_wconf 77' lang='lat' dir='ltr'>nr.</span> <span class='ocrx_word' id='word_1_389' title='bbox 507 4105 568 4159; x_wconf 83' lang='grc'>612.</span> <span class='ocrx_word' id='word_1_390' title='bbox 612 4105 690 4157; x_wconf 80' lang='lat' dir='ltr'>Aliae</span> <span class='ocrx_word' id='word_1_391' title='bbox 713 4111 831 4173; x_wconf 78' lang='lat' dir='ltr'>quotuor</span> <span class='ocrx_word' id='word_1_392' title='bbox 852 4105 994 4158; x_wconf 69' lang='lat' dir='ltr'>relationes</span> <span class='ocrx_word' id='word_1_393' title='bbox 1018 4103 1118 4158; x_wconf 74' lang='lat' dir='ltr'>similes</span> <span class='ocrx_word' id='word_1_394' title='bbox 1141 4105 1259 4158; x_wconf 80' lang='lat' dir='ltr'>nondum</span> <span class='ocrx_word' id='word_1_395' title='bbox 1282 4104 1367 4156; x_wconf 75' lang='lat' dir='ltr'>editae</span> 
     </span>
     <span class='ocr_line' id='line_1_47' title="bbox 245 4175 1411 4244; baseline 0.003 -19"><span class='ocrx_word' id='word_1_396' title='bbox 245 4181 317 4240; x_wconf 78' lang='lat' dir='ltr'>sunt,</span> <span class='ocrx_word' id='word_1_397' title='bbox 336 4191 404 4242; x_wconf 81' lang='lat' dir='ltr'>quos</span> <span class='ocrx_word' id='word_1_398' title='bbox 421 4176 485 4226; x_wconf 75' lang='lat' dir='ltr'>citet</span> <span class='ocrx_word' id='word_1_399' title='bbox 503 4176 656 4242; x_wconf 71' lang='lat' dir='ltr'>Asteyieno,</span> <span class='ocrx_word' id='word_1_400' title='bbox 677 4175 739 4228; x_wconf 76' lang='lat' dir='ltr'>eos.</span> <span class='ocrx_word' id='word_1_401' title='bbox 757 4177 824 4244; x_wconf 77' lang='lat' dir='ltr'>dipl.</span> <span class='ocrx_word' id='word_1_402' title='bbox 841 4176 961 4230; x_wconf 77' lang='lat' dir='ltr'>Cremon.</span> <span class='ocrx_word' id='word_1_403' title='bbox 980 4176 1004 4241; x_wconf 90' lang='lat' dir='ltr'>I,</span> <span class='ocrx_word' id='word_1_404' title='bbox 1019 4192 1049 4242; x_wconf 76' lang='lat' dir='ltr'>p,</span> <span class='ocrx_word' id='word_1_405' title='bbox 1063 4179 1125 4242; x_wconf 81' lang='grc'>261,</span> <span class='ocrx_word' id='word_1_406' title='bbox 1144 4192 1188 4230; x_wconf 81' lang='lat' dir='ltr'>nr.</span> <span class='ocrx_word' id='word_1_407' title='bbox 1200 4175 1365 4232; x_wconf 82' lang='lat'>455-458.</span> <span class='ocrx_word' id='word_1_408' title='bbox 1384 4189 1411 4229; x_wconf 79' lang='lat' dir='ltr'>ss</span> 
     </span>
     <span class='ocr_line' id='line_1_48' title="bbox 247 4246 1366 4316; baseline -0.001 -17"><span class='ocrx_word' id='word_1_409' title='bbox 247 4246 273 4311; x_wconf 88' lang='lat'>5)</span> <span class='ocrx_word' id='word_1_410' title='bbox 293 4246 358 4298; x_wconf 82' lang='lat' dir='ltr'>Vide</span> <span class='ocrx_word' id='word_1_411' title='bbox 375 4247 514 4314; x_wconf 68' lang='lat' dir='ltr'>operosam</span> <span class='ocrx_word' id='word_1_412' title='bbox 531 4248 650 4299; x_wconf 78' lang='lat' dir='ltr'>iudimm</span> <span class='ocrx_word' id='word_1_413' title='bbox 664 4249 804 4316; x_wconf 76' lang='lat' dir='ltr'>potestatis</span> <span class='ocrx_word' id='word_1_414' title='bbox 817 4247 1001 4300; x_wconf 76' lang='lat' dir='ltr'>ermonmsis</span> <span class='ocrx_word' id='word_1_415' title='bbox 1018 4248 1055 4298; x_wconf 83' lang='lat' dir='ltr'>ed</span> <span class='ocrx_word' id='word_1_416' title='bbox 1067 4247 1136 4300; x_wconf 79' lang='lat' dir='ltr'>hune</span> <span class='ocrx_word' id='word_1_417' title='bbox 1154 4249 1184 4299; x_wconf 78' lang='lat' dir='ltr'>in</span> <span class='ocrx_word' id='word_1_418' title='bbox 1201 4247 1366 4316; x_wconf 71' lang='lat' dir='ltr'>espedits&#39;me</span> 
     </span>
     <span class='ocr_line' id='line_1_49' title="bbox 246 4318 1241 4386; baseline 0.008 -21"><span class='ocrx_word' id='word_1_419' title='bbox 246 4322 393 4370; x_wconf 77' lang='lat' dir='ltr'>morantem</span> <span class='ocrx_word' id='word_1_420' title='bbox 410 4318 503 4371; x_wconf 79' lang='lat' dir='ltr'>datam</span> <span class='ocrx_word' id='word_1_421' title='bbox 520 4335 541 4372; x_wconf 86' lang='lat' dir='ltr'>c.</span> <span class='ocrx_word' id='word_1_422' title='bbox 557 4318 609 4376; x_wconf 81' lang='lat' dir='ltr'>Oet,</span> <span class='ocrx_word' id='word_1_423' title='bbox 622 4321 666 4383; x_wconf 88' lang='grc'>20,</span> <span class='ocrx_word' id='word_1_424' title='bbox 680 4319 742 4373; x_wconf 80' lang='lat' dir='ltr'>Ood.</span> <span class='ocrx_word' id='word_1_425' title='bbox 755 4319 821 4386; x_wconf 77' lang='lat' dir='ltr'>dipl.</span> <span class='ocrx_word' id='word_1_426' title='bbox 835 4319 953 4376; x_wconf 79' lang='lat' dir='ltr'>Oremon.</span> <span class='ocrx_word' id='word_1_427' title='bbox 968 4319 992 4384; x_wconf 89' lang='lat'>1,</span> <span class='ocrx_word' id='word_1_428' title='bbox 1009 4337 1037 4386; x_wconf 83' lang='lat' dir='ltr'>p.</span> <span class='ocrx_word' id='word_1_429' title='bbox 1051 4320 1112 4384; x_wconf 83' lang='lat'>261,</span> <span class='ocrx_word' id='word_1_430' title='bbox 1127 4334 1170 4373; x_wconf 85' lang='lat' dir='ltr'>nr.</span> <span class='ocrx_word' id='word_1_431' title='bbox 1180 4319 1241 4374; x_wconf 77' lang='lat'>459,</span> 
     </span>
    </p>
   </div>
   <div class='ocr_carea' id='block_1_7' title="bbox 0 0 1560 4856">
    <p class='ocr_par' dir='ltr' id='par_1_8' title="bbox 0 0 1560 4856">
     <span class='ocr_line' id='line_1_50' title="bbox 0 0 1560 4856; baseline 0 1"><span class='ocrx_word' id='word_1_432' title='bbox 0 0 1560 4856; x_wconf 95' lang='lat' dir='ltr'> </span> 
     </span>
    </p>
   </div>
  </div>
 </body>
</html>
