3112 4856
369 322 560 378 IOHANNIS
579 323 825 379 OODAGNE'LLI
843 322 1024 379 ANNALES
1043 324 1078 380 A„
1093 327 1171 381 1230.
1285 327 1336 382 101

216 515 253 575 ct
276 508 461 594 prudentie
490 508 599 587 miles,
631 508 844 573 honorabilis
874 512 911 574 et
941 508 1249 574 excellentissimus
1272 509 1334 587 vir,
1356 514 1434 569 1230.

215 600 253 663 in
276 598 380 661 armis
403 597 537 662 bellicis
560 597 830 681 potentissimus,
856 599 997 682 cupiens
1016 597 1197 662 affectanti
1220 598 1335 663 animo

215 688 260 752 ad
289 687 544 771 expeditionem
573 688 745 764 accedere,
776 687 898 752 nolens
928 687 1150 751 Placentinos
1180 690 1216 751 et
1244 687 1335 752 viros

214 776 359 852 nobiles,
394 776 454 859 qui
488 776 524 838 in
558 776 634 858 ipso
665 776 818 840 exercitu
848 776 1003 852 aderant,
1039 775 1124 839 belli
1157 775 1335 840 fortunam

176 891 191 932 s
215 866 343 950 absque
367 885 408 930 eo
431 867 612 948 temptare,
638 885 716 928 oum
731 865 796 927 LX
811 864 981 929 militibus
996 864 1175 929 Placentie
1200 863 1334 930 ‘electis
1353 886 1383 935 u.
1395 887 1457 932 rm.

214 975 319 1020 causa
342 954 583 1038 proficiscendi
605 954 642 1017 in
665 954 741 1038 ipsa
763 955 983 1039 expeditione
1013 974 1074 1038 per
1096 957 1226 1018 terram
1249 971 1335 1017 mar-¹

215 1045 348 1108 chionis
371 1042 565 1126 Malaspine
589 1048 625 1108 et
647 1043 803 1108 Terdone
826 1044 919 1108 idem
943 1043 1102 1107 dominus
1117 1042 1334 1106 Raimundus

214 1134 258 1197 ad
281 1153 361 1197 suas
384 1133 539 1217 proprias
563 1153 729 1217 expensas
745 1153 823 1196 cum
839 1131 922 1216 ipsis
938 1131 1109 1196 militibus
1124 1132 1333 1196 festinanter

212 1242 354 1306 pergere
371 1222 514 1298 curavit,
530 1222 667 1304 ingenti
678 1221 790 1305 gloria
801 1225 837 1285 et
849 1222 976 1305 gaudio
989 1225 1024 1286 et
1035 1220 1143 1284 nimio
1154 1221 1332 1305 triumpho

167 1338 194 1378 ιο
212 1312 255 1375 ab
280 1311 439 1375 omnibus
461 1313 632 1394 receptus.
679 1311 725 1373 Et
748 1311 830 1373 dum
855 1311 919 1374 hec
950 1313 1029 1374 acta
1056 1312 1179 1386 essent,
1204 1310 1333 1374 Medio·

211 1400 370 1465 lanenses
400 1402 527 1476 autem,
559 1399 618 1481 qui
648 1400 741 1483 apud
763 1398 940 1464 Vercellas
970 1400 1125 1475 aderant,
1157 1403 1193 1463 et
1221 1398 1332 1463 Nova·

210 1490 350 1565 rienses,
390 1489 588 1552 Laudenses
627 1490 663 1552 et
702 1486 927 1565 Brixienses1‚
968 1489 1027 1570 qui
1064 1487 1115 1551 ibi
1152 1491 1329 1566 venerant,

210 1598 329 1643 omnes
355 1577 484 1642 ibidem
508 1577 710 1661 congregati
733 1597 811 1641 cum
827 1576 1105 1640 Vercellensibus
1129 1577 1173 1640 ad
1197 1576 1330 1641 Casale-

210 1667 427 1730 Salvasium²
442 1669 658 1749 perexerunt,
677 1667 721 1730 ad
737 1665 925 1730 exercitum
942 1685 1083 1749 pergere
1095 1669 1329 1748 properantes.

165 1782 191 1822 15
210 1756 277 1820 Die
293 1755 437 1820 Veneris
459 1755 524 1818 XI.
549 1754 628 1818 Kal.
652 1755 757 1819 Iulii⁸
784 1755 829 1818 ad
859 1755 1048 1819 exereitum
1075 1755 1167 1818 circa
1189 1754 1329 1819 Monba-
1350 1781 1397 1824 nn.
1407 1783 1441 1822 21.

209 1846 344 1908 ruoium
356 1845 562 1910 existentem
574 1843 740 1909 velociter
751 1845 906 1927 equitare
919 1843 1182 1920 festinaverunt,
1199 1843 1329 1909 ibidem

209 1955 338 1998 moram
363 1934 542 1998 facientes.
589 1934 698 1998 Facta
733 1938 851 1998 autem
886 1936 939 1998 est
972 1954 1040 2017 pax
1075 1935 1111 1996 et
1146 1935 1329 1998 concordia

94 2041 130 2091 ψ,
141 2042 189 2085 no.
208 2024 300 2088 inter
323 2023 557 2087 marchionem
577 2023 619 2087 de
635 2022 894 2088 Monte-ferato
911 2026 947 2086 et
963 2022 1121 2086 civitates
1138 2021 1328 2086 ‘societatis

207 2112 419 2190 Lonbardie;
445 2112 505 2195 qui
526 2113 655 2175 iuravit
672 2114 925 2176 sacramentum
941 2112 1117 2176 societatis
1132 2111 1327 2178 Lonbardie

162 2227 189 2266 20
206 2201 408 2278 rectoribus,
439 2221 560 2284 paoem
590 2204 626 2265 et
654 2221 816 2284 guerram
843 2200 1053 2274 civitatibus,
1087 2199 1172 2262 locis
1196 2204 1232 2264 et
1255 2221 1327 2283 per·

207 2291 300 2354 sonis
331 2291 375 2353 ad
404 2289 624 2354 intellectum
652 2292 827 2354 rectorum
856 2289 972 2352 facere
1002 2292 1039 2352 et
1066 2288 1218 2352 teneret
1271 2289 1326 2352 In·

207 2399 310 2462 super
353 2398 411 2442 sex
453 2378 589 2442 obsides
632 2379 674 2442 de
716 2377 903 2441 maioribus
945 2381 981 2441 et
1024 2377 1224 2442 melioribus
1265 2399 1325 2444 sue

205 2471 297 2532 terre
328 2467 365 2529 in
393 2467 524 2531 virtute
555 2469 729 2531 rectorum
760 2466 915 2550 prebens.
970 2464 1046 2545 Quo
1076 2466 1171 2531 facto
1206 2468 1325 2531 statim

206 2561 321 2620 castra
343 2559 519 2620 moventes
542 2555 579 2617 in
601 2559 729 2620 terram
752 2555 971 2619 inimicorum
990 2574 1108 2619 eorum
1125 2557 1325 2620 Astensium

159 2671 188 2710 as
203 2645 336 2710 intrare
363 2647 573 2709 statuerunt.
619 2645 685 2708 Die
715 2665 851 2728 quoque
881 2643 1019 2708 sabbati
1041 2644 1112 2706 ΙΙΙ.
1137 2644 1216 2708 Kal.
1241 2645 1325 2709 Iulii
1343 2672 1439 2716 naa.

204 2735 242 2797 in
277 2735 476 2800 Astensium
514 2734 733 2798 intraverunt
769 2738 908 2809 terram,
947 2733 1068 2798 fenum
1107 2737 1143 2798 et
1180 2737 1323 2817 segetes,

204 2823 316 2886 linum
339 2828 376 2888 et
398 2823 584 2906 legumina,
609 2823 726 2888 vineas
745 2826 781 2887 et
797 2823 935 2887 arbores
951 2822 1155 2906 depopulati
1169 2823 1322 2902 fuerunt,

203 2912 304 2976 villas
334 2933 470 2997 quoque
503 2916 540 2977 et
566 2912 644 2977 loca
672 2911 940 2976 innumerabilia
969 2912 1050 2996 igne
1075 2917 1323 2977 cremaverunt.

203 3001 367 3065 Tentoria
397 3003 537 3085 quidem
567 3023 637 3066 non
661 3002 829 3066 distantia
851 3022 872 3066 a
895 3001 1037 3066 civitate
1060 3022 1122 3085 per
1145 3003 1214 3066 duo
1238 3002 1323 3065 mili-

158 3115 185 3154 co
203 3091 277 3153 aria
298 3093 499 3174 posuerunt,
525 3092 772 3174 deguastantes
796 3094 832 3155 et
854 3091 935 3174 igne
952 3095 1144 3155 cremantes
1168 3091 1324 3175 fereper

203 3177 277 3240 XII
301 3178 450 3243 miliaria
468 3180 559 3243 circa
574 3180 761 3244 civitatem.
802 3179 1046 3244 ‘Alexandrini
1060 3181 1178 3262 itaque
1195 3178 1323 3244 milites
1343 3205 1444 3254 *froca

203 3270 239 3330 et
274 3267 427 3332 eiusdem
462 3268 613 3332 civitatis
652 3268 814 3352 plebagii‚
854 3268 982 3333 milites
1020 3269 1160 3351 quidem
1195 3267 1321 3345 Brixie,

202 3355 332 3432 Laude,
349 3355 584 3420 Vercellarum
608 3359 645 3420 et
660 3356 693 3420 N
695 3357 810 3420 ovarie
833 3356 976 3420 fluvium
992 3357 1119 3420 Tanari
1134 3377 1196 3440 per
1211 3357 1322 3420 undas

202 3444 310 3527 ipsius
333 3444 430 3508 fluvii
453 3448 683 3522 transeuntes,
711 3444 812 3509 villas
836 3449 872 3508 et
895 3444 972 3509 loca
994 3449 1030 3510 et
1053 3465 1094 3510 ea
1117 3445 1233 3510 omnia
1256 3467 1323 3529 que

155 3558 183 3598 a
201 3533 410 3598 invenerunt
438 3533 644 3617 ferensque
673 3534 710 3596 in
741 3533 860 3616 burgis
890 3537 926 3599 et
954 3534 1147 3599 accessibus
1170 3535 1322 3600 civitatis

200 3722 223 3775 ι)
237 3725 318 3767 mana.
332 3724 427 3772 x.·1sr.,·
440 3724 496 3764 lunii
509 3735 527 3768 c.

201 3886 228 3951 1>
247 3885 405 3936 Βνίωίσηεσε
419 3901 506 3952 supro
519 3903 549 3953 p.
560 3887 621 3951 100,
640 3886 657 3940 l.
672 3887 696 3941 0.
713 3900 870 3938 succursum
884 3902 1019 3940 recusasse
1034 3887 1170 3943 dr'currtur.
1224 3888 1252 3958 2)
1271 3890 1322 3942 Est

201 3954 296 4008 Casale
313 3956 407 4008 Sancti
424 3957 550 4020 Eritasr'i,
576 3959 654 4009 cicius
670 3972 765 4010 noman
782 3958 900 4021 fortasse
918 3960 974 4008 iam
992 3961 1048 4026 ipsc
1066 3958 1246 4026 Oodnpncllus
1263 3976 1322 4012 cor-

200 4029 284 4094 napis.
322 4028 365 4091 Cf.
384 4044 471 4094 supra
484 4030 571 4096 pne,
591 4029 608 4083 l.
622 4030 665 4083 34.
774 4029 803 4094 3)
831 4029 873 4092 of.
901 4029 983 4084 Guill.
1007 4030 1140 4082 Venturae
1164 4031 1242 4085 Mem.
1261 4033 1321 4088 nu.

154 4111 183 4150 ιο
200 4113 221 4152 c.
234 4101 278 4161 25,
296 4098 368 4153 Hirr.
383 4105 458 4167 patr.
476 4099 560 4166 Mon„
579 4099 627 4154 SS.
646 4099 702 4167 III,
722 4099 768 4153 col.
780 4101 834 4154 734
858 4106 905 4163 (a
926 4101 1016 4165 Giofr.
1035 4101 1067 4154 dc
1084 4102 1210 4169 Ecclesia,
1229 4103 1320 4158 ‘Orca

200 4169 232 4220 di
248 4169 383 4235 Saluzzo',
402 4171 437 4225 ih.
455 4172 502 4225 ool.
514 4173 577 4234 899,
594 4170 664 4222 uncle
682 4172 771 4223 cadem
791 4171 926 4223 Gauouue
944 4172 976 4225 de
993 4172 1115 4225 Garrctto
1133 4176 1163 4225 in
1182 4174 1271 4228 ‘Oros
1290 4175 1323 4226 di

200 4240 413 4307 Monuferrato',
440 4243 476 4297 ih.
500 4243 547 4298 col.
568 4244 659 4307 1051),
686 4243 735 4294 ubi
760 4242 859 4294 datium
881 4249 919 4294 cst
940 4259 993 4310 per
1015 4246 1132 4311 quinque
1157 4248 1321 4314 septimanae

200 4310 296 4362 Cocalo
312 4317 431 4364 casuum
448 4313 579 4365 obseemm
595 4329 656 4368 aesc.
