3112 4856
102 478 179 532 1229.

94 548 150 597 Sept.
159 548 179 589 5.

199 317 233 370 96
359 311 548 368 IOHANNIS
568 310 815 366 OODAGNELLI
833 310 1015 366 ANNALus
1033 311 1070 366 A.
1084 315 1163 368 1229.

199 497 244 561 Et
278 500 362 561 tunc
398 497 505 561 acties
542 497 689 580 quedam
724 496 961 560 Parmensium
982 498 1032 560 et
1066 495 1318 560 Mutinensium

198 587 404 670 peritissime
435 585 596 649 ordinata
625 588 746 650 contra
776 588 909 669 partem
937 604 1042 647 unam
1065 585 1233 668 quartarii
1255 584 1319 648 Bo-

197 675 415 740 noniensium
445 674 592 757 prelium
622 674 800 738 inchoavit
829 674 880 737 ita
903 693 1066 756 magnum
1090 676 1126 737 et
1148 673 1317 756 iniquum,

197 764 290 847 quod
320 785 341 827 a
367 763 532 828 memoria
562 763 740 827 hominum
772 763 810 825 in
840 762 945 825 Italia
973 762 1148 827 recordari
1177 763 1317 826 minime

198 856 314 936 potest
323 853 346 913 ¹.
381 851 494 917 Gente
510 851 665 915 Bononia
682 871 742 935 per
758 871 917 934 campum
942 851 1129 916 enormiter
1152 851 1315 934 dispersa,
1341 868 1356 907 ὁ

199 962 266 1006 non
292 941 456 1014 credenti,
488 941 579 1022 quod
609 939 757 1023 prelium
788 960 861 1004 esse
885 940 1036 1014 deberet,
1065 941 1115 1004 sic
1145 941 1238 1022 quod
1260 940 1318 1003 vix

198 1032 337 1114 incepto
361 1028 469 1113 prelio
493 1029 609 1113 potuit
632 1029 834 1112 congregari
858 1032 893 1092 et
916 1029 952 1091 in
975 1028 1080 1092 turba
1103 1032 1139 1094 et
1154 1029 1190 1091 in
1207 1028 1318 1093 sclera

198 1119 327 1194 reduci,
355 1118 512 1182 velutin
536 1117 772 1182 consimilibus
796 1118 871 1181 fieri
894 1117 1083 1182 consuevit.
1129 1117 1214 1180 Pars
1237 1137 1317 1182 vero

199 1208 398 1292 supradicta
414 1207 684 1271 Bononiensium
700 1207 860 1291 primitus
879 1225 1018 1288 agressa
1039 1207 1317 1290 impugnantiam

199 1298 351 1361 hostium
380 1296 528 1360 viriliter
557 1295 732 1370 sustinuit,
764 1298 799 1360 et
830 1295 1017 1378 pugnando
1044 1295 1147 1359 etad
1170 1295 1314 1360 invicem
1337 1313 1364 1350 ιο

199 1386 378 1470 preliando
402 1405 471 1448 una
496 1401 583 1468 pars
597 1384 742 1448 alteram
773 1404 852 1468 sepe
876 1385 1052 1467 usquead
1075 1385 1242 1468 populum
1265 1384 1318 1447 fu·

199 1475 304 1556 gabat
314 1475 336 1535 2.
382 1474 616 1558 Percipientes
647 1477 764 1538 autem
798 1474 1000 1537 Parmenses
1035 1476 1070 1538 et
1102 1473 1317 1537 Mutinenses

200 1563 433 1627 Bononienses
465 1564 504 1625 in
537 1561 630 1626 bello
664 1562 804 1626 fortiter
837 1562 1007 1640 resistere,
1042 1563 1095 1624 ira
1128 1565 1164 1626 et
1199 1562 1317 1626 dolore

199 1653 371 1726 commoti,
407 1671 524 1716 omnes
559 1651 692 1715 scilicet
721 1651 923 1716 Parmenses
958 1655 994 1716 et
1023 1651 1239 1716 Mutinenses
1273 1651 1317 1714 ad

198 1742 330 1806 dictum
354 1741 484 1805 bellum
517 1741 647 1805 diutius
678 1743 897 1803 concreatum
922 1739 1063 1804 *acriter
1090 1743 1317 1804 accesserunt.
1338 1757 1364 1796 1⁶

199 1830 367 1894 Similiter
396 1849 513 1893 omnes
544 1830 703 1892 cohortes
733 1829 852 1911 quasia
879 1828 1035 1892 Bononio
1065 1829 1251 1912 separatim
1280 1829 1318 1891 in
1336 1814 1432 1863 '2³⁴⁸'

198 1940 338 1983 suorum
372 1917 524 1982 militum
558 1938 756 1982 succursum
791 1917 963 1981 instanter
992 1922 1242 1995 convenerunt;
1282 1921 1318 1982 et

199 2009 372 2072 certantes
395 2009 431 2070 et
454 2007 498 2070 ad
521 2007 668 2070 invicem
691 2006 904 2089 iniquissime
920 2009 1125 2090 pugnantes,
1151 2027 1317 2089 unapars

199 2096 344 2160 alteram
376 2116 455 2180 sepe
486 2098 521 2160 et
551 2095 665 2180 sepius
694 2116 802 2178 usque
831 2096 869 2158 in
897 2116 996 2159 suum
1021 2095 1188 2179 populum
1211 2095 1317 2179 repel-

199 2185 321 2250 lentes.
356 2184 402 2248 Et
426 2183 508 2247 dum
531 2185 582 2248 ita
605 2183 844 2267 preliarentur,
871 2183 1105 2248 Bononienses
1129 2185 1220 2248 circa
1242 2185 1317 2248 XII
1336 2204 1364 2242 sc

98 2299 126 2342 r,
163 2301 180 2343 α,
198 2273 363 2358 plaustra,
395 2293 498 2356 super
527 2274 652 2357 quibus
676 2273 928 2356 *mangenellos
951 2276 986 2336 et
1009 2272 1171 2337 trabucos
1195 2274 1317 2338 consti-

197 2366 348 2440 tuerant,
373 2363 409 2426 in
432 2362 542 2447 prelio
565 2363 749 2437 duxerunt,
781 2382 859 2425 cum
883 2361 1007 2444 quibus
1031 2362 1121 2426 circa
1145 2362 1317 2426 carocium

198 2452 399 2516 Parmenses
433 2455 587 2516 astantes
621 2451 795 2535 lapidibus
830 2451 1029 2535 gravissime
1061 2452 1316 2534 percuciebant,

197 2541 428 2606 vulnerabant
452 2543 488 2605 et
509 2540 767 2604 interficiebant
776 2539 798 2617 ³,
822 2541 873 2604 ita
897 2540 988 2623 quod
1005 2543 1145 2623 propter
1161 2540 1317 2624 lapidum

198 2632 298 2705 ictus,
329 2650 414 2712 quos
443 2630 587 2693 sufferre
609 2649 679 2693 non
704 2631 903 2712 potuerunt,
932 2629 1103 2692 carocium
1127 2630 1202 2694 fere
1226 2630 1317 2693 dere·
1335 2648 1364 2688 rs

198 2719 390 2801 liquerunt;
426 2720 463 2782 et
497 2719 733 2802 pugnantibus
757 2722 793 2782 et
827 2739 904 2782 cum
934 2717 1083 2781 inimicis
1117 2717 1317 2800 gravissime

199 2807 427 2892 preliantibus
451 2806 626 2872 Loubardi
656 2810 740 2871 tunc
769 2807 806 2869 in
837 2827 955 2871 eorum
986 2827 1186 2872 succursum
1209 2828 1317 2890 usque

199 2897 243 2960 ad
273 2896 418 2980 prelium
447 2898 663 2979 perexerunt.
703 2895 786 2959 Viso
810 2898 875 2959 hoc
900 2917 920 2958 a
943 2899 1116 2979 potestate
1141 2896 1318 2961 Bononio4

199 2988 234 3049 et
253 2985 296 3049 ab
313 2984 486 3067 aliquibus
500 2985 582 3047 viris
598 2985 827 3068 prudentibus
844 2984 1009 3062 Bononie,
1034 2986 1126 3068 quod
1142 2985 1317 3049 Lonbardi

199 3076 242 3139 ad
272 3073 421 3157 prelium
453 3077 677 3147 accesserant,
707 3073 803 3138 illico
833 3074 877 3137 ad
907 3073 986 3137 illos
1010 3078 1186 3138 currentes
1210 3078 1246 3138 et
1269 3074 1317 3137 in·
1336 3097 1366 3136 ro

199 3165 331 3227 stantes
355 3167 391 3227 et
413 3162 654 3227 attentissimis
678 3162 838 3246 precibus
860 3163 952 3245 ipsos
977 3166 1166 3240 exorantes,
1198 3166 1238 3226 ut
1268 3163 1317 3226 in·

199 3252 329 3317 sultum
352 3253 389 3316 in
411 3251 520 3336 prelio
543 3252 658 3316 facere
677 3273 747 3315 non
764 3251 940 3328 deberent,
964 3251 1032 3314 nisi
1046 3252 1151 3317 turba
1166 3252 1317 3315 militum

199 3341 375 3415 Cremona,
400 3362 466 3424 que
489 3341 525 3403 in
547 3340 683 3404 insidiis
706 3340 914 3417 morabatur,
939 3333 1070 3423 primob
1092 3340 1130 3402 in
1154 3341 1246 3404 bello
1269 3341 1317 3403 in·

198 3434 317 3496 tranet.
354 3431 601 3496 Verumtamen
619 3429 760 3512 quidam
783 3429 850 3492 viri
872 3430 1060 3512 prudentes
1079 3429 1258 3494 Placentie
1281 3432 1317 3494 et

198 3520 388 3584 Mediolani
416 3523 452 3583 et
475 3519 591 3583 Brixis
621 3539 739 3582 eorum
770 3518 934 3582 mandata
964 3520 1000 3582 et
1028 3518 1121 3582 iussa
1145 3521 1317 3601 contemp·
1336 3543 1364 3584 a

198 3611 321 3673 nentes
349 3610 386 3671 in
416 3607 525 3691 prelio
555 3609 774 3671 intraverunt
804 3610 840 3670 et
861 3606 1001 3670 fortiter
1031 3609 1067 3671 et
1090 3607 1216 3672 acriter
1239 3627 1316 3671 cum

199 3697 356 3761 hostibus
372 3699 624 3780 pugnaverunt.
648 3695 867 3779 Quapropter
880 3695 1113 3760 Bononienses
1129 3696 1318 3780 plurimum

198 3909 220 3954 a)
234 3907 357 3955 mendaci,
371 3916 427 3954 quas
440 3916 458 3947 c.
512 3904 535 3952 b)
549 3905 577 3952 cs.
590 3915 660 3954 cupra
669 3916 694 3953 p.
704 3905 738 3954 93,
753 3905 768 3945 ἱ.
777 3904 811 3944 22.

200 4086 226 4152 l)
246 4085 288 4149 Of.
303 4085 348 4139 ‘N
361 4083 472 4136 Archio’
483 4083 563 4150 XVI,
580 4100 610 4150 p.
622 4085 684 4138 260.
744 4082 774 4151 2)
794 4083 835 4147 Of.
855 4081 919 4137 ibid.
935 4099 964 4150 p.
982 4084 1045 4137 275.
1099 4084 1127 4151 3)
1146 4081 1240 4135 Huius
1256 4084 1320 4134 novi

196 4157 301 4221 ymera
324 4154 513 4206 machinarum
537 4155 692 4208 bellicarum
715 4153 928 4206 adhidenduram
952 4155 1108 4206 mationem
1131 4154 1240 4218 faciunt
1257 4154 1316 4208 Alb.
1335 4164 1364 4202 so

198 4227 302 4280 Milioli
320 4227 337 4280 l.
358 4227 386 4291 l,
412 4226 559 4279 Tolosanua
578 4227 595 4280 l.
615 4226 641 4291 l,
661 4226 734 4280 Ana.
753 4225 846 4279 Parm,
864 4227 928 4279 mai.
943 4241 974 4290 p.
988 4225 1049 4289 668,
1069 4225 1257 4289 confirmatos
1273 4241 1319 4276 eae

198 4303 291 4366 captae
308 4312 361 4350 ecee
378 4299 413 4349 ab
430 4297 557 4360 testim
575 4303 606 4348 ut
625 4296 741 4362 Codayn.
760 4297 840 4361 infra
857 4297 929 4351 dicit.
1014 4295 1042 4362 4)
1059 4295 1213 4364 Aliprando
1231 4296 1318 4348 Faba.
