3118 4840
603 194 843 285 ‘emacem
1200 228 1288 282 xva

276 413 321 495 P)
347 417 456 477 auctor
473 410 655 475 Annalium
674 410 936 475 Placentinorum
959 409 1199 493 Gibellinorum,
1225 411 1285 477 SS.

171 501 318 582 XVIII,
336 522 372 583 p.
390 505 582 579 457-470,
613 498 668 580 qui
693 505 822 582 praeter
843 500 900 564 hos
929 499 1025 565 etiam
1048 499 1205 565 libellum
1233 500 1287 564 tri-

168 590 275 657 stitiae
297 596 326 655 et
355 588 474 654 doloris
497 587 769 652 Mediolanensem
799 594 828 652 et
855 588 952 654 Gesta
975 588 1125 654 Federici
1140 590 1169 653 I.
1194 588 1288 669 impe·

168 679 289 745 ratoris
318 677 355 742 in
384 675 579 759 mpeditione
608 697 704 742 sacra
733 676 921 742 collectionis
948 675 1216 759 Oedapnellianae
1239 699 1287 742 ecc·

168 768 306 850 scripsit,
340 768 425 830 unde
458 765 525 830 iam
560 764 719 844 refellitur
751 768 836 847 quod
865 765 904 831 G.
924 767 971 830 Η.
990 766 1087 831 Pertr
1120 766 1286 848 contendit,

169 863 328 922 auctorem
362 854 557 920 (libellinum
585 875 652 918 non
685 852 870 936 Codaanelli
899 855 1046 920 Annales
1075 855 1286 937 suscripsisse,

168 948 226 1010 sed
255 951 421 1025 utrumque
450 964 489 1008 eu
517 943 674 1008 communi
703 942 790 1022 fonte
812 943 965 1024 hausisse,
992 964 1087 1024 quam
1110 942 1288 1024 opinionem

168 1034 260 1099 nulla
271 1033 396 1098 ratione
407 1031 470 1097 niti
481 1031 713 1097 demonstravi1
726 1030 780 1096 ίΝ.
793 1031 925 1097 Archic’
939 1031 976 1096 X
982 1032 1040 1113 VI,
1051 1054 1086 1113 p.
1100 1037 1288 1096 279—285.

170 1124 257 1188 Sane
286 1119 409 1187 auctori
443 1119 601 1186 Gibellino
630 1120 834 1186 narrationes
863 1119 1046 1203 Oodapnelli
1075 1127 1201 1202 partem
1235 1123 1289 1186 ad·

168 1232 294 1276 uersam
312 1210 501 1276 celebrantes
519 1208 733 1290 displicebant,
757 1211 842 1274 unde
859 1231 968 1291 pauca
989 1231 1029 1274 ea
1049 1208 1093 1274 iis
1113 1208 1287 1292 suscripsit,

168 1306 199 1364 et
231 1320 312 1381 quae
352 1298 562 1380 Oodapuellus
595 1297 667 1362 odic
705 1305 873 1363 commotus
910 1304 1021 1363 contra
1058 1319 1146 1380 repes
1178 1298 1289 1380 stirpis

171 1388 322 1454 Suecicae
344 1387 516 1468 scripserat
540 1386 646 1450 omisit
668 1387 716 1451 nel
738 1386 879 1452 mutauit.

280 1477 360 1540 Tum
375 1475 574 1541 Franciscus
589 1474 750 1556 Pippiuus
764 1476 870 1555 frater
885 1474 1009 1540 ordinis
1025 1475 1288 1542 Praedicatorum

169 1564 395 1646 Bononiensis,
419 1563 475 1646 qui
497 1564 528 1645 I,
546 1571 648 1627 3-7.
691 1563 789 1629 Gesta
811 1564 961 1630 Federici
977 1565 1008 1628 Ι.
1031 1564 1235 1646 imperatoris
1252 1565 1290 1629 in

169 1653 364 1736 expeditione
397 1674 493 1718 sacra
526 1673 565 1718 ecc
597 1652 773 1718 collectione
807 1651 991 1734 Godapnelli
1020 1653 1216 1735 enscrr'psit2,
1251 1675 1290 1719 eu

173 1743 359 1825 Oodapuelli
387 1741 573 1806 Annalibus
602 1741 801 1807 Placentinis
830 1743 908 1806 duos
938 1742 1095 1824 lonpicrcs
1124 1743 1205 1807 locos
1235 1743 1287 1824 II,

172 1838 223 1896 15.
248 1833 317 1894 24.³
339 1829 521 1912 eucerpsit4.

281 1920 465 1986 Galuaueus
474 1920 626 1985 Flamma
635 1917 899 2000 Mediolanensis,
912 1919 1174 1985 mendacissimus
1182 1941 1289 1984 rerum

167 2009 368 2092 scriptoram,
400 2015 429 2073 et
456 2009 494 2073 iu
516 2009 691 2090 Mam‘pulo
720 2011 839 2088 dorum
868 2014 897 2072 et
924 2007 961 2072 in
989 2007 1145 2074 Chronico
1168 2008 1289 2074 maiore

175 2097 360 2180 (lodapuelli
382 2098 520 2180 fabulas,
550 2098 647 2163 Gesta
665 2097 816 2163 Federici
831 2098 861 2161 I.
886 2096 924 2162 in
941 2097 1147 2178 Lomhardia,
1172 2097 1289 2179 Oodap-

168 2187 248 2252 nelli
270 2187 417 2252 Annales
446 2186 651 2251 Placentinos
681 2185 848 2267 exscripsit
856 2185 877 2266 ⁵,
912 2207 951 2250 eu
980 2185 1031 2250 his
1060 2185 1184 2268 quidem
1208 2209 1290 2268 pau·

170 2275 300 2342 cissima
323 2297 362 2340 ae
385 2273 527 2339 breviata
549 2281 738 2357 mutataque,
769 2295 849 2355 quae
876 2280 981 2339 tamen
1003 2296 1068 2339 nou
1090 2275 1160 2338 siue
1182 2275 1290 2354 fructu

39 2362 42 2417 l
169 2364 322 2445 consului,
345 2363 491 2445 anamais
511 2363 694 2428 Galbaneus
717 2363 852 2428 codicem
872 2361 1056 2446 Ocdapnelli
1076 2361 1285 2445 euseripserit,

40 2454 41 2486 ¹
168 2453 225 2535 qui
247 2452 314 2517 iam
336 2452 493 2516 nonnulla
514 2454 630 2516 menda
652 2451 769 2516 codicis
791 2451 893 2516 nostri
916 2451 1067 2517 Parisini
1089 2452 1230 2533 habebat,
1253 2459 1289 2517 ut

162 2565 200 2623 p.
218 2548 269 2622 67,
293 2563 326 2605 n.
342 2543 368 2605 f.
393 2563 415 2626 g
433 2542 551 2622 peleth

276 2631 320 2694 In
349 2629 519 2695 Chronicis
542 2629 741 2695 Placentinis
764 2626 925 2693 Iohannis
953 2629 991 2694 de
1013 2629 1161 2694 Mussis⁷
1183 2635 1213 2695 et
1235 2631 1287 2694 Io-

170 2719 290 2784 hannis
312 2719 499 2802 Apamam8
522 2719 679 2785 nonnulla
702 2739 740 2784 en
768 2717 952 2799 Oodapnelli
975 2718 1168 2801 Annalibus,
1187 2720 1288 2800 plura

171 2858 197 2924 1)
223 2858 297 2922 Quoi
315 2875 346 2910 nc
364 2861 426 2925 quis
443 2861 540 2910 iterum
558 2861 587 2910 in
606 2859 717 2910 dubium
734 2864 811 2922 uocet,
835 2856 882 2909 nu
907 2858 960 2909 loco
984 2858 1056 2910 addo
1073 2864 1206 2910 auctmem
1224 2858 1289 2910 Pla-

167 2933 302 2980 centinum
329 2929 378 2985 SS.
403 2930 514 2997 XVIII,
538 2948 568 2997 p.
589 2931 650 2996 469,
681 2930 697 2983 l.
717 2930 844 2985 33-35.
871 2930 951 2980 etiam
977 2933 1123 2980 extremam
1149 2929 1289 2996 stropham

170 2999 292 3064 rhpthmi
319 3000 521 3066 Codaauclliani
549 3004 618 3053 anni
642 3001 719 3056 1226.
748 3001 839 3065 (iufra
862 3017 891 3068 p.
911 3002 959 3065 83)
986 3002 1166 3067 rescripsisse,
1193 3000 1289 3052 ibidem

171 3071 188 3124 l.
208 3073 298 3124 3-6.
319 3071 462 3138 melonum
489 3073 629 3124 Gistmum
654 3071 790 3123 FriderIci
807 3071 847 3124 ΙΙ.
873 3072 909 3122 ad
935 3086 994 3122 eum
1018 3071 1184 3137 formavisse,
1213 3087 1289 3137 quem

170 3140 347 3206 Oodapnellns
359 3140 460 3193 Libello
472 3144 598 3195 tristitiae
611 3149 634 3194 ct
645 3143 747 3194 deluis
759 3142 853 3206 (Gesta
865 3142 989 3194 Federici
999 3142 1023 3197 1.
1035 3158 1065 3209 p.
1075 3144 1123 3203 24)
1135 3144 1288 3196 inseruerit.

170 3213 199 3275 2)
223 3212 304 3262 Gesta
321 3213 443 3263 Foderici
454 3213 477 3267 I.
494 3231 522 3281 p.
536 3216 578 3269 75.
669 3213 697 3281 3)
723 3213 871 3277 Muratori,
892 3213 940 3268 SS.
960 3213 992 3266 R.
1012 3212 1075 3267 Ital.
1094 3213 1147 3280 IX,
1166 3214 1214 3267 col.
1227 3215 1287 3269 640.

172 3284 231 3335 644.
286 3284 314 3346 4)
335 3283 410 3347 Quod
428 3283 488 3335 benc
502 3285 616 3336 adeutit
627 3282 918 3336 fflrillard-Brlhollcs
934 3301 961 3350 p.
974 3283 1050 3337 XLI.
1070 3290 1093 3336 et
1110 3290 1176 3336 rute
1193 3286 1289 3336 statuit

169 3353 199 3406 J.
219 3353 325 3417 Ficlcer,
348 3354 412 3419 Rip.
430 3354 547 3421 ImpV,
573 3371 615 3408 ur.
629 3355 715 3410 siba.
740 3354 825 3418 447f,
850 3355 880 3404 iu
905 3355 984 3408 dubio
1008 3355 1116 3421 reliquit
1140 3370 1183 3408 ur.
1203 3356 1257 3409 438
1265 3355 1287 3408 b.

170 3425 251 3488 4590,
270 3424 340 3490 qnod
357 3426 466 3476 minime
483 3425 593 3476 dubium
611 3430 655 3480 est.
735 3425 763 3492 b)
779 3425 884 3492 Manip.
904 3427 1003 3490 florum
1021 3441 1041 3479 a.
1055 3428 1115 3482 189.
1134 3427 1288 3491 iol-264,

170 3494 319 3559 Muratmi,
344 3494 392 3549 SS.
412 3495 445 3549 n.
464 3496 526 3550 Ital.
545 3496 597 3560 XI,
624 3496 669 3550 col.
688 3497 748 3551 643.
773 3497 941 3564 bis-6713
967 3496 1066 3550 Chrcn.
1092 3499 1189 3561 maius,
1212 3497 1289 3549 ‘Mis-

168 3566 285 3618 ccllanea
301 3567 333 3618 di
345 3568 431 3618 storia
443 3567 572 3618 Italiana’
586 3567 649 3631 VII,
664 3585 694 3634 p.
705 3569 756 3622 706
764 3569 859 3622 -773,
933 3567 960 3636 6)
979 3567 1021 3633 Of.
1034 3569 1114 3620 aum
1125 3583 1156 3634 p.
1166 3569 1210 3634 44,
1228 3585 1254 3626 n,
1265 3585 1288 3622 c.

170 3638 206 3689 In
218 3637 318 3692 Chron.
331 3639 432 3690 maiore
447 3640 547 3705 12508,
565 3639 613 3690 abi
624 3639 707 3690 libros
720 3637 854 3690 adhibitos
865 3645 984 3704 recenset,
998 3639 1150 3704 Cedapndli
1164 3640 1289 3692 collectio-

170 3725 229 3760 nem
243 3709 318 3765 Galc.
337 3710 463 3761 Flamma
480 3711 596 3775 fortasse
613 3711 684 3762 discit
702 3707 846 3762 (ironicam
863 3709 978 3762 mixtam
997 3726 1031 3763 ex
1049 3709 1144 3779 tribus,
1164 3726 1245 3776 qnam
1263 3726 1289 3762 se

170 3782 259 3847 ipsum
273 3781 409 3848 possidere
426 3781 504 3847 dixit,
531 3783 561 3832 in
579 3781 685 3848 Manip
704 3783 804 3846 plorum
821 3796 842 3834 c.
858 3789 881 3835 1.
901 3781 1057 3846 Godapnelli
1074 3781 1173 3833 librum
1191 3782 1288 3836 emisit.

172 3852 198 3918 7)
214 3851 362 3916 Muratori,
380 3852 427 3906 SS.
441 3853 475 3907 R.
489 3853 552 3906 Ital.
564 3853 645 3918 XVI,
664 3852 711 3906 col.
723 3853 776 3906 451
789 3868 844 3917 sqq.
898 3853 926 3919 8)
944 3852 1019 3903 Inter
1034 3852 1208 3905 Monumenta
1226 3852 1288 3905 hist.

169 3923 208 3973 ad
221 3925 377 3989 prouincias
389 3924 558 3976 Parmensem
575 3930 598 3974 ct
609 3923 793 3974 Placentinum
803 3924 966 3990 pertinentia
978 3923 1033 3990 III,
1048 3926 1132 3989 7-9,
1149 3941 1176 3991 p.
1192 3925 1287 3978 1-76.

171 3993 205 4043 ab
223 3997 257 4048 Α.
270 3995 383 4047 Rouana
401 3996 549 4048 miserrime
569 3995 668 4047 editum
686 4000 723 4046 est
741 3994 789 4046 hoo
806 3993 947 4046 chronicon
960 3994 1076 4046 Parmae
1089 3997 1166 4050 1862.
1198 3994 1289 4047 Huius

172 4064 312 4118 chronicon
330 4067 433 4118 brecim
451 4069 535 4118 trium
546 4066 697 4119 Annalium
709 4066 925 4117 Placentinorum
938 4066 1070 4117 dictorum
1087 4067 1168 4118 multo
1180 4067 1288 4118 minora

169 4143 294 4202 euurpta
314 4137 390 4259 higb‘ct
408 4154 489 4204 qnam
506 4137 640 4190 Iohannes
658 4137 690 4190 dc
707 4136 822 4205 Mussis,
848 4141 965 4189 attamen
989 4138 1069 4188 etiam
1095 4138 1161 4189 loces
1187 4137 1288 4189 abillo

171 4208 280 4258 omissos
294 4223 332 4273 pr
380 4214 410 4261 et.
727 4211 729 4218 ’

225 4311 378 4361 Godagnellun.
1045 4310 1077 4364 Π
