3112 4856
198 290 233 343 74
359 284 549 340 IOHANNIS
568 283 815 340 OODAGNELLI
831 282 1014 338 ANNALES
1033 283 1068 341 A.
1082 288 1160 342 1226.

98 477 177 530 1226.
195 469 292 534 tione
314 469 443 532 iuravit
471 471 725 532 sacramentum
748 468 925 551 regiminis
953 468 1104 536 civitatis
1129 469 1318 548 Placentia,

196 558 366 623 existente
388 557 527 622 domino
544 556 705 621 Guazone
721 557 758 619 in
774 556 982 621 Potentiano
999 577 1059 641 per
1075 560 1284 642 potestatem
1295 559 1317 621 1.

93 663 148 711 Aur.
158 663 176 705 1.
195 647 262 711 Die
278 646 442 711 Mercurii
466 646 576 729 primo
600 646 726 710 mensis
746 646 876 730 Aprilis
891 646 1023 731 incepit
1045 647 1201 730 regimen
1225 648 1318 712 dicte

196 736 346 800 civitatis
369 734 557 800 Placentie.

195 913 255 977 De
295 913 522 996 colloquio
561 914 789 978 celebrato
828 913 877 977 ab
919 915 1186 996 imperatore
1225 934 1355 978 cums

197 1001 1318 1087 CremonensibusetParmensibnsetPapiensibus

372 1091 416 1153 in
439 1090 536 1154 loco
560 1091 695 1174 Burgi
719 1091 872 1156 Sancti
895 1092 1142 1176 Dompnini.

437 1238 452 1294 1
479 1233 646 1297 Invocato
670 1233 750 1297 Iesu
775 1232 923 1310 Christo,

475 1321 580 1386 Dicto
603 1321 699 1386 brevi
723 1341 826 1406 super
847 1323 915 1386 isto

477 1410 632 1490 Quedam
656 1411 776 1488 feram,
801 1414 842 1474 ut
865 1415 1046 1495 gesserunt

477 1499 722 1565 Cremonenses
746 1521 786 1564 ac
809 1500 969 1565 fecerunt

517 1588 595 1652 Suis
620 1594 719 1652 curna
747 1589 961 1672 sequacibus.

433 1769 453 1826 2
478 1765 724 1832 Cremonenses
748 1789 825 1832 cum
850 1767 967 1851 Papia,

476 1849 590 1934 Quosb
615 1877 708 1920 nunc
732 1857 807 1920 odit
829 1855 1037 1934 Loubardia,

474 1943 700 2008 Affectabant
723 1946 960 2028 pretaxatam²

474 2032 654 2097 Alamanis
676 2033 751 2097 fore
776 2034 903 2111 datam,

515 2121 564 2185 Ut
588 2123 636 2186 sic
659 2125 801 2206 possent
825 2123 966 2186 destrui.

434 2305 453 2362 3
479 2298 592 2378 Quare
616 2321 771 2384 gressum
795 2300 1003 2378 direxerunt,

475 2389 589 2454 Velud
613 2390 716 2453 multi
739 2390 841 2454 modo
864 2390 992 2467 ferunt,

477 2476 548 2542 *Ad
570 2480 761 2545 inmensam
785 2479 1012 2557 maiestatem,

475 2567 701 2633 Obtinentem
725 2571 934 2651 potestatem

515 2657 635 2721 Totius
658 2658 796 2741 Apulie,

434 2839 454 2897 4
477 2835 709 2899 Lonbardiam
733 2834 947 2918 pollicentes,

476 2923 615 3008 Ipsam³
636 2944 773 3007 quoque
796 2923 1010 3002 inducentes,

475 3013 524 3077 Ut
546 3013 694 3076 intraret
717 3013 989 3088 Lonbardorum,

477 3101 692 3183 Sapientiam
717 3102 878 3180 virorum,

517 3190 677 3255 Confines
700 3191 737 3253 in
761 3191 926 3274 proximo.

434 3373 452 3431 5
477 3369 672 3452 Imperator
695 3369 760 3433 hoc
784 3369 905 3433 audito

474 3459 521 3522 Et
544 3458 717 3522 confixus⁰
747 3479 786 3522 eo
811 3459 904 3521 dicto

475 3547 557 3611 Mox
579 3546 710 3628 incepit
733 3547 897 3611 advenire

476 3635 563 3700 Oum
587 3636 704 3699 furore
727 3656 788 3700 sue
811 3637 861 3700 ire

515 3725 612 3790 More
635 3725 884 3789 Theothonico.

195 3894 217 3948 a)
235 3898 247 3936 9
262 3908 279 3939 e.
332 3896 356 3948 b)
370 3897 424 3945 Quis
438 3909 456 3942 c.
509 3899 530 3945 c)
544 3899 558 3940 i.
572 3908 589 3941 e.
603 3897 705 3941 confisus.
719 3898 788 3941 Perta.

197 4058 223 4124 l)
243 4057 286 4121 Of.
305 4058 362 4112 Ich.
382 4059 414 4110 dc
431 4059 533 4109 Macris
551 4058 598 4112 col.
611 4060 665 4113 460
679 4083 711 4102 =
725 4059 867 4125 Apaazari
879 4075 909 4125 p.
922 4060 970 4126 243
988 4065 1093 4112 cartam
1111 4059 1226 4123 foederis
1244 4060 1316 4109 iata

196 4128 379 4181 Cremonenses
411 4134 434 4180 et
457 4131 602 4181 societatem
628 4130 744 4182 militum
768 4130 993 4196 Phrcmtincmm,
1019 4130 1053 4185 L.
1071 4130 1224 4196 Astepiano,
1252 4128 1314 4184 Coc.
1334 4140 1362 4181 ao

195 4200 260 4267 dipl.
281 4199 399 4254 Oremon.
414 4200 437 4264 I,
452 4216 481 4266 p.
495 4201 548 4254 249
566 4217 614 4266 aa,
636 4217 681 4256 nr.
693 4203 755 4267 393,
774 4201 866 4252 datam
884 4201 1036 4253 Potentiam
1052 4217 1078 4254 a,
1093 4203 1169 4256 1225.
1187 4201 1257 4268 Sept.
1272 4202 1314 4256 10.

194 4269 224 4338 2)
243 4271 305 4324 sal.
325 4271 524 4325 Lonibardiam.
597 4273 625 4338 3)
647 4273 710 4324 sar.
728 4275 890 4326 maiestatem
907 4271 1045 4323 Fridcrr’cr'
1061 4271 1100 4326 ΙΙ.
