<?xml version="1.0" encoding="UTF-8"?>
<!DOCTYPE html PUBLIC "-//W3C//DTD XHTML 1.0 Transitional//EN"
    "http://www.w3.org/TR/xhtml1/DTD/xhtml1-transitional.dtd">
<html xmlns="http://www.w3.org/1999/xhtml" xml:lang="en" lang="en">
 <head>
  <title>
</title>
<meta http-equiv="Content-Type" content="text/html;charset=utf-8" />
  <meta name='ocr-system' content='tesseract 3.04.00' />
  <meta name='ocr-capabilities' content='ocr_page ocr_carea ocr_par ocr_line ocrx_word'/>
</head>
<body>
  <div class='ocr_page' id='page_1' title='image "./iohanniscodagne01codagoog_0079.png"; bbox 0 0 3118 4840; ppageno 0'>
   <div class='ocr_carea' id='block_1_1' title="bbox 351 251 1320 313">
    <p class='ocr_par' dir='ltr' id='par_1_1' title="bbox 351 251 1320 313">
     <span class='ocr_line' id='line_1_1' title="bbox 351 251 1320 313; baseline 0.005 -5"><span class='ocrx_word' id='word_1_1' title='bbox 351 253 541 309; x_wconf 72' lang='lat' dir='ltr'>IOHANNIS</span> <span class='ocrx_word' id='word_1_2' title='bbox 560 251 807 308; x_wconf 77' lang='lat' dir='ltr'>OODAGNELLI</span> <span class='ocrx_word' id='word_1_3' title='bbox 825 252 1006 307; x_wconf 77' lang='lat' dir='ltr'><strong>ANNALES</strong></span> <span class='ocrx_word' id='word_1_4' title='bbox 1024 253 1060 313; x_wconf 78' lang='lat' dir='ltr'>A.</span> <span class='ocrx_word' id='word_1_5' title='bbox 1075 257 1153 311; x_wconf 81' lang='lat'><strong>1216.</strong></span> <span class='ocrx_word' id='word_1_6' title='bbox 1285 259 1320 313; x_wconf 76' lang='grc' dir='ltr'><strong><em>ὃὸ</em></strong></span> 
     </span>
    </p>
   </div>
   <div class='ocr_carea' id='block_1_2' title="bbox 155 436 1424 3528">
    <p class='ocr_par' dir='ltr' id='par_1_2' title="bbox 155 436 1424 3528">
     <span class='ocr_line' id='line_1_2' title="bbox 203 436 1417 520; baseline -0.001 -18"><span class='ocrx_word' id='word_1_7' title='bbox 203 439 344 515; x_wconf 88' lang='lat' dir='ltr'>derunt;</span> <span class='ocrx_word' id='word_1_8' title='bbox 376 441 490 502; x_wconf 87' lang='lat' dir='ltr'>castra</span> <span class='ocrx_word' id='word_1_9' title='bbox 511 457 592 502; x_wconf 81' lang='lat' dir='ltr'>vero</span> <span class='ocrx_word' id='word_1_10' title='bbox 622 436 779 520; x_wconf 92' lang='lat' dir='ltr'>predicta</span> <span class='ocrx_word' id='word_1_11' title='bbox 809 436 989 501; x_wconf 81' lang='lat' dir='ltr'>similiter⁸</span> <span class='ocrx_word' id='word_1_12' title='bbox 1016 439 1052 501; x_wconf 91' lang='lat' dir='ltr'>et</span> <span class='ocrx_word' id='word_1_13' title='bbox 1076 436 1319 517; x_wconf 78' lang='lat' dir='ltr'>conbuserunt,</span> <span class='ocrx_word' id='word_1_14' title='bbox 1337 445 1417 501; x_wconf 77' lang='lat'><strong>1216.</strong></span> 
     </span>
     <span class='ocr_line' id='line_1_3' title="bbox 202 525 1320 602; baseline 0.002 -12"><span class='ocrx_word' id='word_1_15' title='bbox 202 528 320 591; x_wconf 90' lang='lat' dir='ltr'>domos</span> <span class='ocrx_word' id='word_1_16' title='bbox 343 529 379 591; x_wconf 92' lang='lat' dir='ltr'>et</span> <span class='ocrx_word' id='word_1_17' title='bbox 402 547 543 591; x_wconf 92' lang='lat' dir='ltr'>nemora</span> <span class='ocrx_word' id='word_1_18' title='bbox 566 529 814 602; x_wconf 72' lang='lat' dir='ltr'>castanearum,</span> <span class='ocrx_word' id='word_1_19' title='bbox 839 525 956 589; x_wconf 89' lang='lat' dir='ltr'>vineas</span> <span class='ocrx_word' id='word_1_20' title='bbox 987 527 1022 590; x_wconf 91' lang='lat' dir='ltr'>et</span> <span class='ocrx_word' id='word_1_21' title='bbox 1052 525 1190 590; x_wconf 90' lang='lat' dir='ltr'>arbores</span> <span class='ocrx_word' id='word_1_22' title='bbox 1213 529 1250 591; x_wconf 90' lang='lat' dir='ltr'>et</span> <span class='ocrx_word' id='word_1_23' title='bbox 1273 547 1320 592; x_wconf 94' lang='lat' dir='ltr'>se-</span> 
     </span>
     <span class='ocr_line' id='line_1_4' title="bbox 201 607 1320 697; baseline 0 -18"><span class='ocrx_word' id='word_1_24' title='bbox 201 619 297 697; x_wconf 88' lang='lat' dir='ltr'>getes</span> <span class='ocrx_word' id='word_1_25' title='bbox 331 616 439 679; x_wconf 90' lang='lat' dir='ltr'>curtis</span> <span class='ocrx_word' id='word_1_26' title='bbox 477 607 742 678; x_wconf 82' lang='lat' dir='ltr'>Montis-calvib</span> <span class='ocrx_word' id='word_1_27' title='bbox 777 613 1011 678; x_wconf 75' lang='lat' dir='ltr'>conbuserunt</span> <span class='ocrx_word' id='word_1_28' title='bbox 1049 617 1084 679; x_wconf 93' lang='lat' dir='ltr'>et</span> <span class='ocrx_word' id='word_1_29' title='bbox 1121 615 1320 680; x_wconf 88' lang='lat' dir='ltr'>inciderunt</span> 
     </span>
     <span class='ocr_line' id='line_1_5' title="bbox 202 702 1320 787; baseline 0 -20"><span class='ocrx_word' id='word_1_30' title='bbox 202 707 306 787; x_wconf 85' lang='lat' dir='ltr'>atque</span> <span class='ocrx_word' id='word_1_31' title='bbox 341 705 596 780; x_wconf 79' lang='lat' dir='ltr'>destruxerunt,</span> <span class='ocrx_word' id='word_1_32' title='bbox 628 703 729 767; x_wconf 85' lang='lat' dir='ltr'>villas</span> <span class='ocrx_word' id='word_1_33' title='bbox 758 702 1028 767; x_wconf 89' lang='lat' dir='ltr'>innumerabiles</span> <span class='ocrx_word' id='word_1_34' title='bbox 1058 706 1094 767; x_wconf 94' lang='lat' dir='ltr'>et</span> <span class='ocrx_word' id='word_1_35' title='bbox 1117 705 1236 768; x_wconf 90' lang='lat' dir='ltr'>domos</span> <span class='ocrx_word' id='word_1_36' title='bbox 1259 724 1320 787; x_wconf 88' lang='lat' dir='ltr'>per</span> 
     </span>
     <span class='ocr_line' id='line_1_6' title="bbox 164 791 1424 876; baseline 0.003 -22"><span class='ocrx_word' id='word_1_37' title='bbox 164 792 325 856; x_wconf 76' lang='lat' dir='ltr'>avellem</span> <span class='ocrx_word' id='word_1_38' title='bbox 362 791 530 876; x_wconf 80' lang='lat' dir='ltr'>Crispassi</span> <span class='ocrx_word' id='word_1_39' title='bbox 564 791 614 856; x_wconf 75' lang='lat' dir='ltr'>*et</span> <span class='ocrx_word' id='word_1_40' title='bbox 648 791 775 856; x_wconf 80' lang='lat' dir='ltr'>vallem</span> <span class='ocrx_word' id='word_1_41' title='bbox 809 791 917 856; x_wconf 89' lang='lat' dir='ltr'>Verse</span> <span class='ocrx_word' id='word_1_42' title='bbox 954 792 1035 875; x_wconf 85' lang='lat' dir='ltr'>igne</span> <span class='ocrx_word' id='word_1_43' title='bbox 1070 797 1318 871; x_wconf 82' lang='lat' dir='ltr'>cremaverunt,</span> <span class='ocrx_word' id='word_1_44' title='bbox 1339 813 1424 862; x_wconf 68' lang='lat' dir='ltr'>*asra</span> 
     </span>
     <span class='ocr_line' id='line_1_7' title="bbox 201 880 1319 976; baseline 0.002 -32"><span class='ocrx_word' id='word_1_45' title='bbox 201 883 344 964; x_wconf 81' lang='lat' dir='ltr'>segetes,</span> <span class='ocrx_word' id='word_1_46' title='bbox 378 881 517 946; x_wconf 91' lang='lat' dir='ltr'>arbores</span> <span class='ocrx_word' id='word_1_47' title='bbox 546 881 745 945; x_wconf 90' lang='lat' dir='ltr'>inciderunt</span> <span class='ocrx_word' id='word_1_48' title='bbox 775 884 810 944; x_wconf 92' lang='lat' dir='ltr'>et</span> <span class='ocrx_word' id='word_1_49' title='bbox 841 880 1096 945; x_wconf 84' lang='lat' dir='ltr'>destruxerunt.</span> <span class='ocrx_word' id='word_1_50' title='bbox 1121 881 1209 976; x_wconf 52' lang='lat' dir='ltr'>kDie</span> <span class='ocrx_word' id='word_1_51' title='bbox 1238 901 1319 946; x_wconf 87' lang='lat' dir='ltr'>vero</span> 
     </span>
     <span class='ocr_line' id='line_1_8' title="bbox 201 969 1421 1036; baseline 0.001 -4"><span class='ocrx_word' id='word_1_52' title='bbox 201 969 293 1033; x_wconf 86' lang='lat' dir='ltr'>Iovis</span> <span class='ocrx_word' id='word_1_53' title='bbox 328 990 405 1033; x_wconf 92' lang='lat' dir='ltr'>cum</span> <span class='ocrx_word' id='word_1_54' title='bbox 437 969 713 1035; x_wconf 81' lang='lat' dir='ltr'>Mediolanenses</span> <span class='ocrx_word' id='word_1_55' title='bbox 743 972 779 1032; x_wconf 91' lang='lat' dir='ltr'>et</span> <span class='ocrx_word' id='word_1_56' title='bbox 806 969 1003 1033; x_wconf 87' lang='lat' dir='ltr'>Placentini</span> <span class='ocrx_word' id='word_1_57' title='bbox 1032 989 1110 1034; x_wconf 89' lang='lat' dir='ltr'>curn</span> <span class='ocrx_word' id='word_1_58' title='bbox 1140 969 1242 1034; x_wconf 90' lang='lat' dir='ltr'>scalis</span> <span class='ocrx_word' id='word_1_59' title='bbox 1271 971 1319 1033; x_wconf 91' lang='lat' dir='ltr'>in·</span> <span class='ocrx_word' id='word_1_60' title='bbox 1338 994 1387 1036; x_wconf 69' lang='lat' dir='ltr'>run.</span> <span class='ocrx_word' id='word_1_61' title='bbox 1400 993 1421 1034; x_wconf 86' lang='lat' dir='ltr'>a.</span> 
     </span>
     <span class='ocr_line' id='line_1_9' title="bbox 200 1058 1320 1124; baseline 0.003 -4"><span class='ocrx_word' id='word_1_62' title='bbox 200 1058 474 1124; x_wconf 86' lang='lat' dir='ltr'>numerabilibus</span> <span class='ocrx_word' id='word_1_63' title='bbox 498 1061 534 1123; x_wconf 90' lang='lat' dir='ltr'>et</span> <span class='ocrx_word' id='word_1_64' title='bbox 556 1059 634 1121; x_wconf 91' lang='lat' dir='ltr'>aliis</span> <span class='ocrx_word' id='word_1_65' title='bbox 656 1058 811 1121; x_wconf 78' lang='lat' dir='ltr'>insidiis⁰</span> <span class='ocrx_word' id='word_1_66' title='bbox 831 1058 957 1121; x_wconf 89' lang='lat' dir='ltr'>armati</span> <span class='ocrx_word' id='word_1_67' title='bbox 976 1061 1011 1122; x_wconf 92' lang='lat' dir='ltr'>et</span> <span class='ocrx_word' id='word_1_68' title='bbox 1027 1058 1214 1122; x_wconf 88' lang='lat' dir='ltr'>aschlerati</span> <span class='ocrx_word' id='word_1_69' title='bbox 1230 1060 1320 1123; x_wconf 89' lang='lat' dir='ltr'>circa</span> 
     </span>
     <span class='ocr_line' id='line_1_10' title="bbox 202 1146 1320 1213; baseline -0.001 -2"><span class='ocrx_word' id='word_1_70' title='bbox 202 1151 351 1211; x_wconf 84' lang='lat' dir='ltr'>castrum</span> <span class='ocrx_word' id='word_1_71' title='bbox 376 1147 539 1211; x_wconf 85' lang='lat' dir='ltr'>Siuriasci</span> <span class='ocrx_word' id='word_1_72' title='bbox 568 1150 702 1211; x_wconf 88' lang='lat' dir='ltr'>starent</span> <span class='ocrx_word' id='word_1_73' title='bbox 732 1150 768 1211; x_wconf 91' lang='lat' dir='ltr'>et</span> <span class='ocrx_word' id='word_1_74' title='bbox 798 1167 833 1211; x_wconf 95' lang='lat' dir='ltr'>se</span> <span class='ocrx_word' id='word_1_75' title='bbox 864 1146 908 1209; x_wconf 88' lang='lat' dir='ltr'>ad</span> <span class='ocrx_word' id='word_1_76' title='bbox 936 1147 1069 1210; x_wconf 92' lang='lat' dir='ltr'>dictum</span> <span class='ocrx_word' id='word_1_77' title='bbox 1093 1150 1244 1211; x_wconf 86' lang='lat' dir='ltr'>castrum</span> <span class='ocrx_word' id='word_1_78' title='bbox 1268 1168 1320 1213; x_wconf 90' lang='lat' dir='ltr'>ex·</span> 
     </span>
     <span class='ocr_line' id='line_1_11' title="bbox 157 1236 1320 1320; baseline 0.003 -22"><span class='ocrx_word' id='word_1_79' title='bbox 157 1237 427 1319; x_wconf 78' lang='lat' dir='ltr'>repugnandum</span> <span class='ocrx_word' id='word_1_80' title='bbox 450 1239 485 1301; x_wconf 90' lang='lat' dir='ltr'>et</span> <span class='ocrx_word' id='word_1_81' title='bbox 509 1236 715 1320; x_wconf 90' lang='lat' dir='ltr'>capiendum</span> <span class='ocrx_word' id='word_1_82' title='bbox 735 1239 970 1319; x_wconf 87' lang='lat' dir='ltr'>prepararent,</span> <span class='ocrx_word' id='word_1_83' title='bbox 994 1236 1174 1299; x_wconf 87' lang='lat' dir='ltr'>intrinseci</span> <span class='ocrx_word' id='word_1_84' title='bbox 1189 1239 1320 1301; x_wconf 86' lang='lat' dir='ltr'>terrore</span> 
     </span>
     <span class='ocr_line' id='line_1_12' title="bbox 201 1323 1318 1407; baseline 0 -19"><span class='ocrx_word' id='word_1_85' title='bbox 201 1325 373 1400; x_wconf 88' lang='lat' dir='ltr'>commoti,</span> <span class='ocrx_word' id='word_1_86' title='bbox 390 1325 548 1389; x_wconf 83' lang='lat' dir='ltr'>videntes</span> <span class='ocrx_word' id='word_1_87' title='bbox 564 1345 600 1388; x_wconf 90' lang='lat' dir='ltr'>se</span> <span class='ocrx_word' id='word_1_88' title='bbox 617 1345 686 1388; x_wconf 90' lang='lat' dir='ltr'>non</span> <span class='ocrx_word' id='word_1_89' title='bbox 698 1344 797 1407; x_wconf 88' lang='lat' dir='ltr'>posse</span> <span class='ocrx_word' id='word_1_90' title='bbox 813 1324 972 1389; x_wconf 90' lang='lat' dir='ltr'>resistere</span> <span class='ocrx_word' id='word_1_91' title='bbox 983 1345 1047 1388; x_wconf 89' lang='lat' dir='ltr'>nec</span> <span class='ocrx_word' id='word_1_92' title='bbox 1063 1323 1152 1387; x_wconf 93' lang='lat' dir='ltr'>illud</span> <span class='ocrx_word' id='word_1_93' title='bbox 1169 1329 1318 1388; x_wconf 90' lang='lat' dir='ltr'>castrum</span> 
     </span>
     <span class='ocr_line' id='line_1_13' title="bbox 201 1413 1422 1495; baseline 0.002 -19"><span class='ocrx_word' id='word_1_94' title='bbox 201 1413 397 1490; x_wconf 86' lang='lat' dir='ltr'>defendere,</span> <span class='ocrx_word' id='word_1_95' title='bbox 427 1413 518 1477; x_wconf 92' lang='lat' dir='ltr'>illud</span> <span class='ocrx_word' id='word_1_96' title='bbox 547 1413 790 1489; x_wconf 69' lang='lat' dir='ltr'>reddiderunt,</span> <span class='ocrx_word' id='word_1_97' title='bbox 826 1413 918 1495; x_wconf 89' lang='lat' dir='ltr'>qnod</span> <span class='ocrx_word' id='word_1_98' title='bbox 949 1416 1100 1476; x_wconf 82' lang='lat' dir='ltr'>castrum</span> <span class='ocrx_word' id='word_1_99' title='bbox 1130 1413 1240 1478; x_wconf 87' lang='lat' dir='ltr'>altera</span> <span class='ocrx_word' id='word_1_100' title='bbox 1264 1415 1319 1478; x_wconf 90' lang='lat' dir='ltr'>die</span> <span class='ocrx_word' id='word_1_101' title='bbox 1339 1435 1422 1480; x_wconf 66' lang='lat' dir='ltr'>aaa</span> 
     </span>
     <span class='ocr_line' id='line_1_14' title="bbox 201 1502 1319 1584; baseline 0.001 -19"><span class='ocrx_word' id='word_1_102' title='bbox 201 1503 340 1584; x_wconf 90' lang='lat' dir='ltr'>penitus</span> <span class='ocrx_word' id='word_1_103' title='bbox 370 1523 390 1566; x_wconf 88' lang='lat' dir='ltr'>a</span> <span class='ocrx_word' id='word_1_104' title='bbox 419 1503 649 1566; x_wconf 86' lang='lat' dir='ltr'>fundamento</span> <span class='ocrx_word' id='word_1_105' title='bbox 672 1503 916 1566; x_wconf 79' lang='lat' dir='ltr'>destnrxerunt</span> <span class='ocrx_word' id='word_1_106' title='bbox 947 1505 983 1566; x_wconf 91' lang='lat' dir='ltr'>et</span> <span class='ocrx_word' id='word_1_107' title='bbox 1006 1502 1197 1565; x_wconf 90' lang='lat' dir='ltr'>diruerunt.</span> <span class='ocrx_word' id='word_1_108' title='bbox 1243 1502 1319 1567; x_wconf 90' lang='lat' dir='ltr'>Per·</span> 
     </span>
     <span class='ocr_line' id='line_1_15' title="bbox 201 1590 1320 1666; baseline 0.001 -13"><span class='ocrx_word' id='word_1_109' title='bbox 201 1593 379 1655; x_wconf 89' lang='lat' dir='ltr'>manentes</span> <span class='ocrx_word' id='word_1_110' title='bbox 409 1594 525 1654; x_wconf 89' lang='lat' dir='ltr'>autem</span> <span class='ocrx_word' id='word_1_111' title='bbox 555 1591 590 1653; x_wconf 93' lang='lat' dir='ltr'>in</span> <span class='ocrx_word' id='word_1_112' title='bbox 623 1590 802 1654; x_wconf 87' lang='lat' dir='ltr'>obsidione</span> <span class='ocrx_word' id='word_1_113' title='bbox 837 1590 923 1653; x_wconf 91' lang='lat' dir='ltr'>dicti</span> <span class='ocrx_word' id='word_1_114' title='bbox 955 1591 1069 1666; x_wconf 85' lang='lat' dir='ltr'>castri,</span> <span class='ocrx_word' id='word_1_115' title='bbox 1104 1591 1320 1656; x_wconf 88' lang='lat' dir='ltr'>marchiones</span> 
     </span>
     <span class='ocr_line' id='line_1_16' title="bbox 157 1678 1320 1763; baseline 0.003 -22"><span class='ocrx_word' id='word_1_116' title='bbox 157 1703 182 1742; x_wconf 81' lang='lat' dir='ltr'>rs</span> <span class='ocrx_word' id='word_1_117' title='bbox 200 1679 416 1763; x_wconf 85' lang='lat' dir='ltr'>Malaspine1</span> <span class='ocrx_word' id='word_1_118' title='bbox 440 1699 518 1743; x_wconf 89' lang='lat' dir='ltr'>cum</span> <span class='ocrx_word' id='word_1_119' title='bbox 541 1679 711 1742; x_wconf 88' lang='lat' dir='ltr'>militibus</span> <span class='ocrx_word' id='word_1_120' title='bbox 734 1681 834 1763; x_wconf 89' lang='lat' dir='ltr'>porte</span> <span class='ocrx_word' id='word_1_121' title='bbox 850 1678 946 1743; x_wconf 87' lang='lat' dir='ltr'>Nove</span> <span class='ocrx_word' id='word_1_122' title='bbox 971 1682 1006 1742; x_wconf 90' lang='lat' dir='ltr'>et</span> <span class='ocrx_word' id='word_1_123' title='bbox 1030 1699 1106 1742; x_wconf 89' lang='lat' dir='ltr'>oum</span> <span class='ocrx_word' id='word_1_124' title='bbox 1131 1679 1320 1763; x_wconf 86' lang='lat' dir='ltr'>sagittariis</span> 
     </span>
     <span class='ocr_line' id='line_1_17' title="bbox 201 1767 1319 1852; baseline 0.001 -21"><span class='ocrx_word' id='word_1_125' title='bbox 201 1772 237 1832; x_wconf 93' lang='lat' dir='ltr'>et</span> <span class='ocrx_word' id='word_1_126' title='bbox 267 1768 443 1852; x_wconf 86' lang='lat' dir='ltr'>peditibus</span> <span class='ocrx_word' id='word_1_127' title='bbox 472 1768 573 1832; x_wconf 83' lang='lat' dir='ltr'>vallis</span> <span class='ocrx_word' id='word_1_128' title='bbox 596 1767 737 1831; x_wconf 80' lang='lat' dir='ltr'>Tidonis</span> <span class='ocrx_word' id='word_1_129' title='bbox 768 1770 803 1832; x_wconf 90' lang='lat' dir='ltr'>et</span> <span class='ocrx_word' id='word_1_130' title='bbox 832 1767 933 1830; x_wconf 87' lang='lat' dir='ltr'>vallis</span> <span class='ocrx_word' id='word_1_131' title='bbox 956 1767 1070 1832; x_wconf 78' lang='lat' dir='ltr'>Trivie</span> <span class='ocrx_word' id='word_1_132' title='bbox 1101 1769 1145 1831; x_wconf 88' lang='lat' dir='ltr'>ad</span> <span class='ocrx_word' id='word_1_133' title='bbox 1169 1772 1319 1832; x_wconf 87' lang='lat' dir='ltr'>castrum</span> 
     </span>
     <span class='ocr_line' id='line_1_18' title="bbox 199 1856 1321 1942; baseline 0.001 -23"><span class='ocrx_word' id='word_1_134' title='bbox 199 1857 364 1942; x_wconf 85' lang='lat' dir='ltr'>Rumpini</span> <span class='ocrx_word' id='word_1_135' title='bbox 387 1858 638 1941; x_wconf 83' lang='lat' dir='ltr'>equitaverunt.</span> <span class='ocrx_word' id='word_1_136' title='bbox 685 1856 768 1940; x_wconf 90' lang='lat' dir='ltr'>Ipsa</span> <span class='ocrx_word' id='word_1_137' title='bbox 790 1876 869 1921; x_wconf 87' lang='lat' dir='ltr'>vero</span> <span class='ocrx_word' id='word_1_138' title='bbox 900 1857 956 1920; x_wconf 90' lang='lat' dir='ltr'>die</span> <span class='ocrx_word' id='word_1_139' title='bbox 980 1857 1039 1939; x_wconf 91' lang='lat' dir='ltr'>qui</span> <span class='ocrx_word' id='word_1_140' title='bbox 1061 1857 1099 1919; x_wconf 90' lang='lat' dir='ltr'>in</span> <span class='ocrx_word' id='word_1_141' title='bbox 1121 1857 1183 1920; x_wconf 94' lang='lat' dir='ltr'>illo</span> <span class='ocrx_word' id='word_1_142' title='bbox 1207 1861 1321 1921; x_wconf 88' lang='lat' dir='ltr'>castro</span> 
     </span>
     <span class='ocr_line' id='line_1_19' title="bbox 200 1940 1320 2029; baseline 0.001 -21"><span class='ocrx_word' id='word_1_143' title='bbox 200 1967 262 2029; x_wconf 90' lang='lat' dir='ltr'>pro</span> <span class='ocrx_word' id='word_1_144' title='bbox 293 1947 466 2010; x_wconf 89' lang='lat' dir='ltr'>communi</span> <span class='ocrx_word' id='word_1_145' title='bbox 496 1946 603 2029; x_wconf 86' lang='lat' dir='ltr'>Papio</span> <span class='ocrx_word' id='word_1_146' title='bbox 634 1940 814 2022; x_wconf 68' lang='lat' dir='ltr'>aderantd,</span> <span class='ocrx_word' id='word_1_147' title='bbox 845 1945 1081 2028; x_wconf 87' lang='lat' dir='ltr'>intelligentes</span> <span class='ocrx_word' id='word_1_148' title='bbox 1104 1949 1140 2010; x_wconf 92' lang='lat' dir='ltr'>et</span> <span class='ocrx_word' id='word_1_149' title='bbox 1172 1946 1320 2010; x_wconf 89' lang='lat' dir='ltr'>scientes</span> 
     </span>
     <span class='ocr_line' id='line_1_20' title="bbox 201 2035 1320 2118; baseline -0.001 -20"><span class='ocrx_word' id='word_1_150' title='bbox 201 2035 243 2098; x_wconf 88' lang='lat' dir='ltr'>de</span> <span class='ocrx_word' id='word_1_151' title='bbox 273 2036 438 2118; x_wconf 88' lang='lat' dir='ltr'>predictis</span> <span class='ocrx_word' id='word_1_152' title='bbox 469 2036 590 2099; x_wconf 87' lang='lat' dir='ltr'>castris</span> <span class='ocrx_word' id='word_1_153' title='bbox 625 2035 745 2118; x_wconf 86' lang='lat' dir='ltr'>captis,</span> <span class='ocrx_word' id='word_1_154' title='bbox 782 2055 925 2117; x_wconf 40' lang='lat' dir='ltr'>pavore«</span> <span class='ocrx_word' id='word_1_155' title='bbox 942 2037 978 2097; x_wconf 90' lang='lat' dir='ltr'>et</span> <span class='ocrx_word' id='word_1_156' title='bbox 1011 2038 1160 2098; x_wconf 90' lang='lat' dir='ltr'>tremore</span> <span class='ocrx_word' id='word_1_157' title='bbox 1194 2055 1320 2118; x_wconf 88' lang='lat' dir='ltr'>magno</span> 
     </span>
     <span class='ocr_line' id='line_1_21' title="bbox 155 2122 1320 2206; baseline -0.002 -18"><span class='ocrx_word' id='word_1_158' title='bbox 155 2149 183 2188; x_wconf 86' lang='lat' dir='ltr'>ao</span> <span class='ocrx_word' id='word_1_159' title='bbox 201 2124 360 2206; x_wconf 84' lang='lat' dir='ltr'>pertariti</span> <span class='ocrx_word' id='word_1_160' title='bbox 388 2123 477 2187; x_wconf 89' lang='lat' dir='ltr'>illud</span> <span class='ocrx_word' id='word_1_161' title='bbox 508 2126 660 2187; x_wconf 89' lang='lat' dir='ltr'>castrum</span> <span class='ocrx_word' id='word_1_162' title='bbox 689 2124 772 2206; x_wconf 90' lang='lat' dir='ltr'>ipsis</span> <span class='ocrx_word' id='word_1_163' title='bbox 802 2126 839 2187; x_wconf 90' lang='lat' dir='ltr'>et</span> <span class='ocrx_word' id='word_1_164' title='bbox 868 2123 1042 2186; x_wconf 89' lang='lat' dir='ltr'>communi</span> <span class='ocrx_word' id='word_1_165' title='bbox 1064 2122 1242 2187; x_wconf 88' lang='lat' dir='ltr'>Placentie</span> <span class='ocrx_word' id='word_1_166' title='bbox 1266 2124 1320 2186; x_wconf 92' lang='lat' dir='ltr'>de-</span> 
     </span>
     <span class='ocr_line' id='line_1_22' title="bbox 201 2210 1320 2277; baseline -0.001 -2"><span class='ocrx_word' id='word_1_167' title='bbox 201 2213 337 2277; x_wconf 89' lang='lat' dir='ltr'>derunt.</span> <span class='ocrx_word' id='word_1_168' title='bbox 384 2213 428 2275; x_wconf 94' lang='lat' dir='ltr'>In</span> <span class='ocrx_word' id='word_1_169' title='bbox 459 2213 555 2276; x_wconf 90' lang='lat' dir='ltr'>cuius</span> <span class='ocrx_word' id='word_1_170' title='bbox 586 2211 744 2274; x_wconf 88' lang='lat' dir='ltr'>custodia</span> <span class='ocrx_word' id='word_1_171' title='bbox 766 2210 840 2274; x_wconf 74' lang='grc' dir='ltr'>ΧΙθ</span> <span class='ocrx_word' id='word_1_172' title='bbox 868 2211 1024 2275; x_wconf 92' lang='lat' dir='ltr'>homines</span> <span class='ocrx_word' id='word_1_173' title='bbox 1051 2211 1152 2274; x_wconf 83' lang='lat' dir='ltr'>vallis</span> <span class='ocrx_word' id='word_1_174' title='bbox 1179 2211 1320 2274; x_wconf 80' lang='lat' dir='ltr'>Tidonis</span> 
     </span>
     <span class='ocr_line' id='line_1_23' title="bbox 200 2303 399 2383; baseline -0.005 -20"><span class='ocrx_word' id='word_1_175' title='bbox 200 2303 399 2383; x_wconf 90' lang='lat' dir='ltr'>posuerunt.</span> 
     </span>
     <span class='ocr_line' id='line_1_24' title="bbox 308 2382 1418 2469; baseline -0.003 -18"><span class='ocrx_word' id='word_1_176' title='bbox 308 2389 374 2452; x_wconf 91' lang='lat' dir='ltr'>Die</span> <span class='ocrx_word' id='word_1_177' title='bbox 398 2389 535 2452; x_wconf 89' lang='lat' dir='ltr'>sabbati</span> <span class='ocrx_word' id='word_1_178' title='bbox 557 2388 712 2469; x_wconf 87' lang='lat' dir='ltr'>sequenti</span> <span class='ocrx_word' id='word_1_179' title='bbox 735 2387 1010 2452; x_wconf 87' lang='lat' dir='ltr'>Mediolanenses</span> <span class='ocrx_word' id='word_1_180' title='bbox 1034 2391 1070 2451; x_wconf 92' lang='lat' dir='ltr'>et</span> <span class='ocrx_word' id='word_1_181' title='bbox 1087 2382 1317 2466; x_wconf 68' lang='lat' dir='ltr'>Placentinis,</span> <span class='ocrx_word' id='word_1_182' title='bbox 1337 2411 1418 2452; x_wconf 69' lang='lat' dir='ltr'>ruas.</span> 
     </span>
     <span class='ocr_line' id='line_1_25' title="bbox 201 2476 1319 2560; baseline 0.001 -20"><span class='ocrx_word' id='word_1_183' title='bbox 201 2477 329 2540; x_wconf 89' lang='lat' dir='ltr'>milites</span> <span class='ocrx_word' id='word_1_184' title='bbox 367 2480 403 2541; x_wconf 92' lang='lat' dir='ltr'>et</span> <span class='ocrx_word' id='word_1_185' title='bbox 440 2477 584 2560; x_wconf 88' lang='lat' dir='ltr'>pedites,</span> <span class='ocrx_word' id='word_1_186' title='bbox 624 2476 801 2541; x_wconf 87' lang='lat' dir='ltr'>balestarii</span> <span class='ocrx_word' id='word_1_187' title='bbox 835 2480 871 2540; x_wconf 91' lang='lat' dir='ltr'>et</span> <span class='ocrx_word' id='word_1_188' title='bbox 904 2476 1085 2558; x_wconf 88' lang='lat' dir='ltr'>sagittarii,</span> <span class='ocrx_word' id='word_1_189' title='bbox 1125 2477 1250 2540; x_wconf 89' lang='lat' dir='ltr'>armati</span> <span class='ocrx_word' id='word_1_190' title='bbox 1283 2481 1319 2541; x_wconf 92' lang='lat' dir='ltr'>et</span> 
     </span>
     <span class='ocr_line' id='line_1_26' title="bbox 155 2564 1317 2650; baseline -0.003 -18"><span class='ocrx_word' id='word_1_191' title='bbox 155 2592 182 2632; x_wconf 80' lang='lat' dir='ltr'>aa</span> <span class='ocrx_word' id='word_1_192' title='bbox 201 2566 387 2630; x_wconf 86' lang='lat' dir='ltr'>aschlerati</span> <span class='ocrx_word' id='word_1_193' title='bbox 416 2565 626 2650; x_wconf 81' lang='lat' dir='ltr'>pervellem</span> <span class='ocrx_word' id='word_1_194' title='bbox 648 2565 753 2630; x_wconf 89' lang='lat' dir='ltr'>Verse</span> <span class='ocrx_word' id='word_1_195' title='bbox 783 2569 962 2640; x_wconf 83' lang='lat' dir='ltr'>venerunt,</span> <span class='ocrx_word' id='word_1_196' title='bbox 992 2564 1093 2628; x_wconf 83' lang='lat' dir='ltr'>villas</span> <span class='ocrx_word' id='word_1_197' title='bbox 1123 2567 1159 2628; x_wconf 91' lang='lat' dir='ltr'>et</span> <span class='ocrx_word' id='word_1_198' title='bbox 1189 2565 1317 2642; x_wconf 89' lang='lat' dir='ltr'>domos,</span> 
     </span>
     <span class='ocr_line' id='line_1_27' title="bbox 201 2654 1317 2739; baseline 0 -21"><span class='ocrx_word' id='word_1_199' title='bbox 201 2658 335 2739; x_wconf 88' lang='lat' dir='ltr'>segetes</span> <span class='ocrx_word' id='word_1_200' title='bbox 365 2658 401 2719; x_wconf 94' lang='lat' dir='ltr'>et</span> <span class='ocrx_word' id='word_1_201' title='bbox 422 2655 540 2718; x_wconf 87' lang='lat' dir='ltr'>vineas</span> <span class='ocrx_word' id='word_1_202' title='bbox 570 2657 605 2718; x_wconf 90' lang='lat' dir='ltr'>et</span> <span class='ocrx_word' id='word_1_203' title='bbox 635 2654 774 2718; x_wconf 87' lang='lat' dir='ltr'>arbores</span> <span class='ocrx_word' id='word_1_204' title='bbox 797 2654 990 2718; x_wconf 88' lang='lat' dir='ltr'>incidentes</span> <span class='ocrx_word' id='word_1_205' title='bbox 1014 2656 1049 2718; x_wconf 91' lang='lat' dir='ltr'>et</span> <span class='ocrx_word' id='word_1_206' title='bbox 1072 2654 1317 2732; x_wconf 89' lang='lat' dir='ltr'>conburentes;</span> 
     </span>
     <span class='ocr_line' id='line_1_28' title="bbox 201 2742 1320 2825; baseline -0.002 -17"><span class='ocrx_word' id='word_1_207' title='bbox 201 2747 237 2808; x_wconf 94' lang='lat' dir='ltr'>et</span> <span class='ocrx_word' id='word_1_208' title='bbox 260 2763 300 2808; x_wconf 89' lang='lat' dir='ltr'>ea</span> <span class='ocrx_word' id='word_1_209' title='bbox 324 2744 380 2808; x_wconf 90' lang='lat' dir='ltr'>die</span> <span class='ocrx_word' id='word_1_210' title='bbox 412 2744 673 2807; x_wconf 87' lang='lat' dir='ltr'>castramentati</span> <span class='ocrx_word' id='word_1_211' title='bbox 707 2744 805 2808; x_wconf 88' lang='lat' dir='ltr'>fuere</span> <span class='ocrx_word' id='word_1_212' title='bbox 839 2744 876 2806; x_wconf 92' lang='lat' dir='ltr'>in</span> <span class='ocrx_word' id='word_1_213' title='bbox 906 2742 991 2806; x_wconf 87' lang='lat' dir='ltr'>villa</span> <span class='ocrx_word' id='word_1_214' title='bbox 1025 2743 1068 2807; x_wconf 91' lang='lat' dir='ltr'>de</span> <span class='ocrx_word' id='word_1_215' title='bbox 1091 2743 1320 2825; x_wconf 89' lang='lat' dir='ltr'>Bergomasco</span> 
     </span>
     <span class='ocr_line' id='line_1_29' title="bbox 200 2831 1320 2916; baseline 0.002 -22"><span class='ocrx_word' id='word_1_216' title='bbox 200 2852 306 2916; x_wconf 89' lang='lat' dir='ltr'>prope</span> <span class='ocrx_word' id='word_1_217' title='bbox 330 2836 481 2897; x_wconf 88' lang='lat' dir='ltr'>castrum</span> <span class='ocrx_word' id='word_1_218' title='bbox 496 2833 747 2897; x_wconf 88' lang='lat' dir='ltr'>Montis-acuti</span> <span class='ocrx_word' id='word_1_219' title='bbox 772 2836 808 2897; x_wconf 91' lang='lat' dir='ltr'>et</span> <span class='ocrx_word' id='word_1_220' title='bbox 824 2831 1026 2916; x_wconf 91' lang='lat' dir='ltr'>depopulati</span> <span class='ocrx_word' id='word_1_221' title='bbox 1040 2831 1185 2896; x_wconf 86' lang='lat' dir='ltr'>fuerunt</span> <span class='ocrx_word' id='word_1_222' title='bbox 1201 2832 1320 2896; x_wconf 91' lang='lat' dir='ltr'>domos</span> 
     </span>
     <span class='ocr_line' id='line_1_30' title="bbox 200 2921 1320 3004; baseline -0.001 -19"><span class='ocrx_word' id='word_1_223' title='bbox 200 2924 236 2985; x_wconf 90' lang='lat' dir='ltr'>et</span> <span class='ocrx_word' id='word_1_224' title='bbox 258 2921 369 2998; x_wconf 86' lang='lat' dir='ltr'>villas,</span> <span class='ocrx_word' id='word_1_225' title='bbox 394 2923 510 2986; x_wconf 90' lang='lat' dir='ltr'>vineas</span> <span class='ocrx_word' id='word_1_226' title='bbox 534 2925 570 2986; x_wconf 87' lang='lat' dir='ltr'>et</span> <span class='ocrx_word' id='word_1_227' title='bbox 593 2925 726 3004; x_wconf 88' lang='lat' dir='ltr'>segetes</span> <span class='ocrx_word' id='word_1_228' title='bbox 750 2925 786 2986; x_wconf 90' lang='lat' dir='ltr'>et</span> <span class='ocrx_word' id='word_1_229' title='bbox 801 2921 949 2998; x_wconf 89' lang='lat' dir='ltr'>arbores,</span> <span class='ocrx_word' id='word_1_230' title='bbox 974 2941 1040 3004; x_wconf 92' lang='lat' dir='ltr'>que</span> <span class='ocrx_word' id='word_1_231' title='bbox 1064 2924 1163 2985; x_wconf 90' lang='lat' dir='ltr'>erant</span> <span class='ocrx_word' id='word_1_232' title='bbox 1185 2921 1222 2984; x_wconf 91' lang='lat' dir='ltr'>in</span> <span class='ocrx_word' id='word_1_233' title='bbox 1246 2922 1320 2985; x_wconf 90' lang='lat' dir='ltr'>eius</span> 
     </span>
     <span class='ocr_line' id='line_1_31' title="bbox 155 2996 1423 3094; baseline -0.005 -16"><span class='ocrx_word' id='word_1_234' title='bbox 155 3037 182 3078; x_wconf 85' lang='lat' dir='ltr'>ao</span> <span class='ocrx_word' id='word_1_235' title='bbox 201 3010 296 3074; x_wconf 88' lang='lat' dir='ltr'>curia</span> <span class='ocrx_word' id='word_1_236' title='bbox 312 3013 348 3075; x_wconf 92' lang='lat' dir='ltr'>et</span> <span class='ocrx_word' id='word_1_237' title='bbox 363 3011 399 3073; x_wconf 95' lang='lat' dir='ltr'>in</span> <span class='ocrx_word' id='word_1_238' title='bbox 415 3010 486 3074; x_wconf 90' lang='lat' dir='ltr'>illis</span> <span class='ocrx_word' id='word_1_239' title='bbox 503 3010 684 3093; x_wconf 79' lang='lat' dir='ltr'>*partibus</span> <span class='ocrx_word' id='word_1_240' title='bbox 724 3010 790 3075; x_wconf 90' lang='lat' dir='ltr'>Die</span> <span class='ocrx_word' id='word_1_241' title='bbox 810 3011 982 3074; x_wconf 87' lang='lat' dir='ltr'>dominica</span> <span class='ocrx_word' id='word_1_242' title='bbox 997 3010 1153 3094; x_wconf 88' lang='lat' dir='ltr'>proxima</span> <span class='ocrx_word' id='word_1_243' title='bbox 1169 3012 1319 3073; x_wconf 90' lang='lat' dir='ltr'>castrum</span> <span class='ocrx_word' id='word_1_244' title='bbox 1338 2996 1423 3091; x_wconf 51' lang='grc' dir='ltr'>Ξζξηῧθξ</span> 
     </span>
     <span class='ocr_line' id='line_1_32' title="bbox 200 3098 1319 3182; baseline 0 -22"><span class='ocrx_word' id='word_1_245' title='bbox 200 3098 339 3182; x_wconf 82' lang='lat' dir='ltr'>Nigrini</span> <span class='ocrx_word' id='word_1_246' title='bbox 369 3103 405 3163; x_wconf 92' lang='lat' dir='ltr'>et</span> <span class='ocrx_word' id='word_1_247' title='bbox 426 3102 558 3163; x_wconf 89' lang='lat' dir='ltr'>turrem</span> <span class='ocrx_word' id='word_1_248' title='bbox 580 3099 805 3163; x_wconf 88' lang='lat' dir='ltr'>fortissimam</span> <span class='ocrx_word' id='word_1_249' title='bbox 828 3101 932 3181; x_wconf 89' lang='lat' dir='ltr'>atque</span> <span class='ocrx_word' id='word_1_250' title='bbox 957 3098 1155 3173; x_wconf 86' lang='lat' dir='ltr'>caminatas,</span> <span class='ocrx_word' id='word_1_251' title='bbox 1187 3118 1253 3180; x_wconf 92' lang='lat' dir='ltr'>que</span> <span class='ocrx_word' id='word_1_252' title='bbox 1282 3099 1319 3160; x_wconf 88' lang='lat' dir='ltr'>in</span> 
     </span>
     <span class='ocr_line' id='line_1_33' title="bbox 199 3185 1320 3269; baseline 0.001 -20"><span class='ocrx_word' id='word_1_253' title='bbox 199 3187 261 3251; x_wconf 89' lang='lat' dir='ltr'>illo</span> <span class='ocrx_word' id='word_1_254' title='bbox 291 3191 391 3251; x_wconf 89' lang='lat' dir='ltr'>erant</span> <span class='ocrx_word' id='word_1_255' title='bbox 421 3191 534 3251; x_wconf 88' lang='lat' dir='ltr'>castro</span> <span class='ocrx_word' id='word_1_256' title='bbox 556 3221 600 3230; x_wconf 87' lang='lat'>-</span> <span class='ocrx_word' id='word_1_257' title='bbox 623 3188 707 3252; x_wconf 90' lang='lat' dir='ltr'>licet</span> <span class='ocrx_word' id='word_1_258' title='bbox 733 3187 823 3250; x_wconf 90' lang='lat' dir='ltr'>illud</span> <span class='ocrx_word' id='word_1_259' title='bbox 853 3190 1004 3250; x_wconf 88' lang='lat' dir='ltr'>castrum</span> <span class='ocrx_word' id='word_1_260' title='bbox 1034 3187 1071 3249; x_wconf 92' lang='lat' dir='ltr'>in</span> <span class='ocrx_word' id='word_1_261' title='bbox 1101 3185 1320 3269; x_wconf 85' lang='lat' dir='ltr'>expeditione</span> 
     </span>
     <span class='ocr_line' id='line_1_34' title="bbox 201 3274 1320 3358; baseline -0.002 -20"><span class='ocrx_word' id='word_1_262' title='bbox 201 3276 368 3339; x_wconf 90' lang='lat' dir='ltr'>Bosonasi</span> <span class='ocrx_word' id='word_1_263' title='bbox 384 3278 420 3340; x_wconf 93' lang='lat' dir='ltr'>et</span> <span class='ocrx_word' id='word_1_264' title='bbox 435 3275 655 3340; x_wconf 80' lang='lat' dir='ltr'>Revorscalle</span> <span class='ocrx_word' id='word_1_265' title='bbox 673 3276 799 3339; x_wconf 84' lang='lat' dir='ltr'>fuisset</span> <span class='ocrx_word' id='word_1_266' title='bbox 823 3279 961 3358; x_wconf 89' lang='lat' dir='ltr'>captum</span> <span class='ocrx_word' id='word_1_267' title='bbox 971 3275 992 3351; x_wconf 77' lang='lat'>²,</span> <span class='ocrx_word' id='word_1_268' title='bbox 1016 3277 1135 3338; x_wconf 91' lang='lat' dir='ltr'>tamen</span> <span class='ocrx_word' id='word_1_269' title='bbox 1158 3294 1227 3337; x_wconf 94' lang='lat' dir='ltr'>non</span> <span class='ocrx_word' id='word_1_270' title='bbox 1249 3274 1320 3336; x_wconf 84' lang='lat' dir='ltr'>fuit</span> 
     </span>
     <span class='ocr_line' id='line_1_35' title="bbox 201 3363 1320 3446; baseline -0.003 -19"><span class='ocrx_word' id='word_1_271' title='bbox 201 3364 416 3428; x_wconf 88' lang='lat' dir='ltr'>destructum</span> <span class='ocrx_word' id='word_1_272' title='bbox 432 3398 485 3438; x_wconf 81' lang='lat'>-,</span> <span class='ocrx_word' id='word_1_273' title='bbox 510 3369 641 3428; x_wconf 89' lang='lat' dir='ltr'>turrem</span> <span class='ocrx_word' id='word_1_274' title='bbox 665 3368 701 3428; x_wconf 97' lang='lat' dir='ltr'>et</span> <span class='ocrx_word' id='word_1_275' title='bbox 717 3363 905 3427; x_wconf 88' lang='lat' dir='ltr'>caminatas</span> <span class='ocrx_word' id='word_1_276' title='bbox 921 3364 1028 3446; x_wconf 88' lang='lat' dir='ltr'>ipsius</span> <span class='ocrx_word' id='word_1_277' title='bbox 1044 3363 1158 3439; x_wconf 82' lang='lat' dir='ltr'>castri,</span> <span class='ocrx_word' id='word_1_278' title='bbox 1183 3382 1320 3425; x_wconf 91' lang='lat' dir='ltr'>murum</span> 
     </span>
     <span class='ocr_line' id='line_1_36' title="bbox 156 3450 1321 3528; baseline -0.007 -7"><span class='ocrx_word' id='word_1_279' title='bbox 156 3479 182 3521; x_wconf 78' lang='lat' dir='ltr'>rs</span> <span class='ocrx_word' id='word_1_280' title='bbox 200 3453 368 3516; x_wconf 89' lang='lat' dir='ltr'>radicitus</span> <span class='ocrx_word' id='word_1_281' title='bbox 384 3453 629 3517; x_wconf 85' lang='lat' dir='ltr'>destruxerunt</span> <span class='ocrx_word' id='word_1_282' title='bbox 643 3455 679 3517; x_wconf 92' lang='lat' dir='ltr'>et</span> <span class='ocrx_word' id='word_1_283' title='bbox 695 3454 960 3528; x_wconf 81' lang='lat' dir='ltr'>derocaverunt3</span> <span class='ocrx_word' id='word_1_284' title='bbox 982 3454 1018 3516; x_wconf 89' lang='lat' dir='ltr'>et</span> <span class='ocrx_word' id='word_1_285' title='bbox 1034 3471 1075 3515; x_wconf 91' lang='lat' dir='ltr'>ea</span> <span class='ocrx_word' id='word_1_286' title='bbox 1090 3451 1146 3515; x_wconf 91' lang='lat' dir='ltr'>die</span> <span class='ocrx_word' id='word_1_287' title='bbox 1162 3450 1321 3515; x_wconf 90' lang='lat' dir='ltr'>similiter</span> 
     </span>
    </p>
   </div>
   <div class='ocr_carea' id='block_1_3' title="bbox 155 3657 1322 3978">
    <p class='ocr_par' dir='ltr' id='par_1_3' title="bbox 200 3657 1322 3870">
     <span class='ocr_line' id='line_1_37' title="bbox 200 3657 1322 3710; baseline -0.003 -10"><span class='ocrx_word' id='word_1_288' title='bbox 200 3663 223 3709; x_wconf 80' lang='lat' dir='ltr'>a)</span> <span class='ocrx_word' id='word_1_289' title='bbox 241 3661 359 3700; x_wconf 76' lang='lat' dir='ltr'>dimatant</span> <span class='ocrx_word' id='word_1_290' title='bbox 372 3661 405 3698; x_wconf 77' lang='lat' dir='ltr'>vel</span> <span class='ocrx_word' id='word_1_291' title='bbox 419 3657 580 3700; x_wconf 62' lang='lat' dir='ltr'>damnarunt</span> <span class='ocrx_word' id='word_1_292' title='bbox 592 3661 734 3710; x_wconf 63' lang='lat' dir='ltr'>mundum</span> <span class='ocrx_word' id='word_1_293' title='bbox 748 3669 792 3699; x_wconf 77' lang='lat' dir='ltr'>esse</span> <span class='ocrx_word' id='word_1_294' title='bbox 805 3660 903 3708; x_wconf 64' lang='lat' dir='ltr'>maur,</span> <span class='ocrx_word' id='word_1_295' title='bbox 922 3660 986 3698; x_wconf 75' lang='lat' dir='ltr'>Perta</span> <span class='ocrx_word' id='word_1_296' title='bbox 1003 3663 1080 3698; x_wconf 77' lang='lat' dir='ltr'>contra</span> <span class='ocrx_word' id='word_1_297' title='bbox 1094 3659 1223 3707; x_wconf 57' lang='lat' dir='ltr'>eudaemus</span> <span class='ocrx_word' id='word_1_298' title='bbox 1236 3659 1322 3698; x_wconf 65' lang='lat' dir='ltr'>dinarii</span> 
     </span>
     <span class='ocr_line' id='line_1_38' title="bbox 200 3710 1321 3764; baseline -0.002 -12"><span class='ocrx_word' id='word_1_299' title='bbox 200 3724 282 3753; x_wconf 74' lang='lat' dir='ltr'>morem</span> <span class='ocrx_word' id='word_1_300' title='bbox 295 3714 383 3762; x_wconf 69' lang='lat' dir='ltr'>empsit</span> <span class='ocrx_word' id='word_1_301' title='bbox 396 3714 511 3764; x_wconf 83' lang='lat' dir='ltr'>similiter;</span> <span class='ocrx_word' id='word_1_302' title='bbox 526 3718 549 3753; x_wconf 77' lang='lat' dir='ltr'>st</span> <span class='ocrx_word' id='word_1_303' title='bbox 562 3714 653 3756; x_wconf 88' lang='lat' dir='ltr'>conbns.</span> <span class='ocrx_word' id='word_1_304' title='bbox 706 3713 730 3764; x_wconf 90' lang='lat' dir='ltr'>b)</span> <span class='ocrx_word' id='word_1_305' title='bbox 748 3714 871 3762; x_wconf 63' lang='lat' dir='ltr'>eamdam</span> <span class='ocrx_word' id='word_1_306' title='bbox 885 3713 1014 3753; x_wconf 84' lang='lat' dir='ltr'>monsiscall</span> <span class='ocrx_word' id='word_1_307' title='bbox 1027 3724 1045 3752; x_wconf 80' lang='lat' dir='ltr'>c.</span> <span class='ocrx_word' id='word_1_308' title='bbox 1101 3711 1123 3763; x_wconf 87' lang='lat' dir='ltr'>e)</span> <span class='ocrx_word' id='word_1_309' title='bbox 1140 3713 1168 3761; x_wconf 75' lang='lat' dir='ltr'>ef.</span> <span class='ocrx_word' id='word_1_310' title='bbox 1184 3712 1222 3753; x_wconf 68' lang='lat' dir='ltr'>‘M</span> <span class='ocrx_word' id='word_1_311' title='bbox 1232 3710 1321 3752; x_wconf 51' lang='lat' dir='ltr'>Arcti&amp;</span> 
     </span>
     <span class='ocr_line' id='line_1_39' title="bbox 200 3763 1322 3818; baseline -0.002 -12"><span class='ocrx_word' id='word_1_312' title='bbox 200 3767 265 3818; x_wconf 76' lang='lat' dir='ltr'>XVI,</span> <span class='ocrx_word' id='word_1_313' title='bbox 276 3779 302 3816; x_wconf 77' lang='lat' dir='ltr'>p.</span> <span class='ocrx_word' id='word_1_314' title='bbox 311 3767 363 3807; x_wconf 77' lang='lat'>488:</span> <span class='ocrx_word' id='word_1_315' title='bbox 378 3767 486 3806; x_wconf 81' lang='lat' dir='ltr'>machinis</span> <span class='ocrx_word' id='word_1_316' title='bbox 500 3771 524 3806; x_wconf 83' lang='lat' dir='ltr'>et</span> <span class='ocrx_word' id='word_1_317' title='bbox 534 3765 621 3807; x_wconf 78' lang='lat' dir='ltr'>insidiis</span> <span class='ocrx_word' id='word_1_318' title='bbox 639 3767 741 3816; x_wconf 83' lang='lat' dir='ltr'>pluribus</span> <span class='ocrx_word' id='word_1_319' title='bbox 755 3767 850 3817; x_wconf 83' lang='lat' dir='ltr'>obsedit,</span> <span class='ocrx_word' id='word_1_320' title='bbox 860 3767 947 3816; x_wconf 59' lang='lat'>2489:</span> <span class='ocrx_word' id='word_1_321' title='bbox 962 3766 1070 3806; x_wconf 76' lang='lat' dir='ltr'>machinis</span> <span class='ocrx_word' id='word_1_322' title='bbox 1084 3771 1107 3807; x_wconf 83' lang='lat' dir='ltr'>et</span> <span class='ocrx_word' id='word_1_323' title='bbox 1120 3766 1222 3805; x_wconf 85' lang='lat' dir='ltr'>omnibus</span> <span class='ocrx_word' id='word_1_324' title='bbox 1236 3763 1322 3805; x_wconf 82' lang='lat' dir='ltr'>insidiis</span> 
     </span>
     <span class='ocr_line' id='line_1_40' title="bbox 201 3818 1322 3870; baseline 0 -10"><span class='ocrx_word' id='word_1_325' title='bbox 201 3851 207 3864; x_wconf 88' lang='lat'><em>.</em></span> <span class='ocrx_word' id='word_1_326' title='bbox 221 3850 228 3864; x_wconf 90' lang='lat'><strong>.</strong></span> <span class='ocrx_word' id='word_1_327' title='bbox 242 3848 250 3862; x_wconf 90' lang='lat'><strong>.</strong></span> <span class='ocrx_word' id='word_1_328' title='bbox 264 3821 401 3866; x_wconf 80' lang='lat' dir='ltr'>munierunt.</span> <span class='ocrx_word' id='word_1_329' title='bbox 411 3821 498 3870; x_wconf 66' lang='lat' dir='ltr'>areo:</span> <span class='ocrx_word' id='word_1_330' title='bbox 519 3820 570 3860; x_wconf 78' lang='lat' dir='ltr'>allis</span> <span class='ocrx_word' id='word_1_331' title='bbox 589 3821 698 3860; x_wconf 79' lang='lat' dir='ltr'>machinis</span> <span class='ocrx_word' id='word_1_332' title='bbox 712 3825 735 3860; x_wconf 83' lang='lat' dir='ltr'>et</span> <span class='ocrx_word' id='word_1_333' title='bbox 748 3818 835 3860; x_wconf 82' lang='lat' dir='ltr'>insidiis</span> <span class='ocrx_word' id='word_1_334' title='bbox 849 3849 871 3863; x_wconf 91' lang='lat'>..</span> <span class='ocrx_word' id='word_1_335' title='bbox 884 3848 890 3861; x_wconf 89' lang='lat'><em>.</em></span> <span class='ocrx_word' id='word_1_336' title='bbox 905 3821 1051 3870; x_wconf 76' lang='lat' dir='ltr'>expugnavit,</span> <span class='ocrx_word' id='word_1_337' title='bbox 1062 3820 1148 3869; x_wconf 61' lang='lat' dir='ltr'>assa:</span> <span class='ocrx_word' id='word_1_338' title='bbox 1168 3819 1284 3869; x_wconf 77' lang='lat' dir='ltr'>manganis</span> <span class='ocrx_word' id='word_1_339' title='bbox 1298 3824 1322 3860; x_wconf 79' lang='lat' dir='ltr'>et</span> 
     </span>
    </p>

    <p class='ocr_par' dir='ltr' id='par_1_4' title="bbox 155 3870 1322 3978">
     <span class='ocr_line' id='line_1_41' title="bbox 155 3870 1322 3924; baseline 0 -12"><span class='ocrx_word' id='word_1_340' title='bbox 155 3882 184 3920; x_wconf 77' lang='lat'>40</span> <span class='ocrx_word' id='word_1_341' title='bbox 200 3874 302 3922; x_wconf 82' lang='lat' dir='ltr'>pluribus</span> <span class='ocrx_word' id='word_1_342' title='bbox 321 3874 430 3914; x_wconf 75' lang='lat' dir='ltr'>machmis</span> <span class='ocrx_word' id='word_1_343' title='bbox 449 3879 473 3914; x_wconf 83' lang='lat' dir='ltr'>st</span> <span class='ocrx_word' id='word_1_344' title='bbox 492 3871 580 3913; x_wconf 79' lang='lat' dir='ltr'>insidiis</span> <span class='ocrx_word' id='word_1_345' title='bbox 600 3878 796 3924; x_wconf 73' lang='lat' dir='ltr'>expugnaverunt,</span> <span class='ocrx_word' id='word_1_346' title='bbox 817 3877 854 3916; x_wconf 69' lang='lat' dir='ltr'>ac.</span> <span class='ocrx_word' id='word_1_347' title='bbox 927 3871 951 3921; x_wconf 88' lang='lat' dir='ltr'>d)</span> <span class='ocrx_word' id='word_1_348' title='bbox 969 3873 1093 3922; x_wconf 69' lang='lat' dir='ltr'>menam,-</span> <span class='ocrx_word' id='word_1_349' title='bbox 1113 3872 1209 3922; x_wconf 79' lang='lat' dir='ltr'>intellig.</span> <span class='ocrx_word' id='word_1_350' title='bbox 1226 3870 1322 3912; x_wconf 79' lang='lat' dir='ltr'>aderant</span> 
     </span>
     <span class='ocr_line' id='line_1_42' title="bbox 201 3926 934 3978; baseline -0.003 -12"><span class='ocrx_word' id='word_1_351' title='bbox 201 3927 294 3967; x_wconf 83' lang='lat' dir='ltr'>scientes</span> <span class='ocrx_word' id='word_1_352' title='bbox 307 3939 324 3970; x_wconf 81' lang='lat' dir='ltr'>c.</span> <span class='ocrx_word' id='word_1_353' title='bbox 378 3926 452 3978; x_wconf 64' lang='lat' dir='ltr'>s)x12</span> <span class='ocrx_word' id='word_1_354' title='bbox 466 3927 545 3971; x_wconf 66' lang='lat' dir='ltr'>IL-Br.</span> <span class='ocrx_word' id='word_1_355' title='bbox 599 3926 661 3978; x_wconf 70' lang='lat' dir='ltr'>Osis</span> <span class='ocrx_word' id='word_1_356' title='bbox 674 3927 797 3966; x_wconf 69' lang='lat' dir='ltr'>distinctum</span> <span class='ocrx_word' id='word_1_357' title='bbox 811 3927 834 3967; x_wconf 76' lang='lat' dir='ltr'>i.</span> <span class='ocrx_word' id='word_1_358' title='bbox 849 3928 865 3966; x_wconf 84' lang='lat' dir='ltr'>l.</span> <span class='ocrx_word' id='word_1_359' title='bbox 879 3927 904 3965; x_wconf 75' lang='lat' dir='ltr'>irs</span> <span class='ocrx_word' id='word_1_360' title='bbox 917 3937 934 3969; x_wconf 80' lang='lat' dir='ltr'>c.</span> 
     </span>
    </p>
   </div>
   <div class='ocr_carea' id='block_1_4' title="bbox 197 4085 1322 4295">
    <p class='ocr_par' dir='ltr' id='par_1_5' title="bbox 197 4085 1322 4295">
     <span class='ocr_line' id='line_1_43' title="bbox 202 4085 1322 4153; baseline 0.001 -14"><span class='ocrx_word' id='word_1_361' title='bbox 202 4087 229 4152; x_wconf 77' lang='lat'>1)</span> <span class='ocrx_word' id='word_1_362' title='bbox 246 4085 401 4138; x_wconf 75' lang='lat' dir='ltr'>Wilhelmua</span> <span class='ocrx_word' id='word_1_363' title='bbox 419 4093 443 4139; x_wconf 80' lang='lat' dir='ltr'>ct</span> <span class='ocrx_word' id='word_1_364' title='bbox 461 4087 610 4140; x_wconf 74' lang='lat' dir='ltr'>Corradus.</span> <span class='ocrx_word' id='word_1_365' title='bbox 670 4087 698 4153; x_wconf 78' lang='grc'>2)</span> <span class='ocrx_word' id='word_1_366' title='bbox 720 4086 753 4140; x_wconf 80' lang='grc' dir='ltr'>Α.</span> <span class='ocrx_word' id='word_1_367' title='bbox 770 4089 846 4142; x_wconf 81' lang='lat'>1215.</span> <span class='ocrx_word' id='word_1_368' title='bbox 865 4102 951 4138; x_wconf 79' lang='lat' dir='ltr'>mense</span> <span class='ocrx_word' id='word_1_369' title='bbox 970 4086 1062 4152; x_wconf 80' lang='lat' dir='ltr'>Maio,-</span> <span class='ocrx_word' id='word_1_370' title='bbox 1080 4086 1115 4149; x_wconf 83' lang='lat' dir='ltr'>cf.</span> <span class='ocrx_word' id='word_1_371' title='bbox 1134 4100 1221 4153; x_wconf 77' lang='lat' dir='ltr'>supra</span> <span class='ocrx_word' id='word_1_372' title='bbox 1236 4103 1264 4152; x_wconf 86' lang='lat' dir='ltr'>p.</span> <span class='ocrx_word' id='word_1_373' title='bbox 1277 4086 1322 4150; x_wconf 81' lang='lat'>48,</span> 
     </span>
     <span class='ocr_line' id='line_1_44' title="bbox 197 4157 1321 4295; baseline -0.004 -85"><span class='ocrx_word' id='word_1_374' title='bbox 197 4157 256 4295; x_wconf 52' lang='grc' dir='ltr'>31)τῖ</span> <span class='ocrx_word' id='word_1_375' title='bbox 258 4163 365 4292; x_wconf 43' lang='lat' dir='ltr'>gam</span> <span class='ocrx_word' id='word_1_376' title='bbox 394 4157 441 4210; x_wconf 77' lang='lat' dir='ltr'>boc</span> <span class='ocrx_word' id='word_1_377' title='bbox 471 4165 589 4210; x_wconf 74' lang='lat' dir='ltr'>caurum</span> <span class='ocrx_word' id='word_1_378' title='bbox 617 4157 778 4210; x_wconf 66' lang='lat' dir='ltr'>combretum</span> <span class='ocrx_word' id='word_1_379' title='bbox 809 4158 895 4221; x_wconf 62' lang='lat' dir='ltr'>fursee</span> <span class='ocrx_word' id='word_1_380' title='bbox 924 4158 1024 4209; x_wconf 76' lang='lat' dir='ltr'>dictum</span> <span class='ocrx_word' id='word_1_381' title='bbox 1052 4164 1097 4223; x_wconf 79' lang='lat' dir='ltr'>est,</span> <span class='ocrx_word' id='word_1_382' title='bbox 1127 4157 1163 4207; x_wconf 84' lang='lat' dir='ltr'>ad</span> <span class='ocrx_word' id='word_1_383' title='bbox 1189 4157 1261 4222; x_wconf 81' lang='lat' dir='ltr'>quod</span> <span class='ocrx_word' id='word_1_384' title='bbox 1286 4158 1321 4220; x_wconf 78' lang='lat' dir='ltr'>cf.</span> 
     </span>
    </p>
   </div>
   <div class='ocr_carea' id='block_1_5' title="bbox 0 0 1564 4840">
    <p class='ocr_par' dir='ltr' id='par_1_6' title="bbox 0 0 1564 4840">
     <span class='ocr_line' id='line_1_45' title="bbox 0 0 1564 4840; baseline 0 0"><span class='ocrx_word' id='word_1_385' title='bbox 0 0 1564 4840; x_wconf 95' lang='lat' dir='ltr'> </span> 
     </span>
    </p>
   </div>
  </div>
 </body>
</html>
