3118 4840
318 307 509 366 IOHANNIS
529 306 775 363 OODAGNELLI
795 309 975 364 ANNALas
993 311 1028 368 A.
1044 316 1121 369 1215.
1241 317 1274 370 51

155 491 269 556 locum
293 493 446 575 undique
471 511 719 576 expugnavere,
744 494 877 574 segetes
901 497 936 556 et
957 513 1075 558 omnes
1100 495 1184 559 alias
1208 517 1271 575 res,
1294 505 1372 558 1215.

154 601 239 662 quas
263 584 361 644 extra
395 581 463 645 loci
485 581 729 644 fortitudinem
763 580 933 656 invenere,
970 581 1203 648 conbuserunt
1237 588 1273 650 et

155 669 444 752 dissipaverunt&
490 669 644 732 Tandem
666 668 823 733 videntes
855 669 987 752 aliquid
1010 671 1054 734 ad
1078 673 1272 754 predictum

154 757 268 821 locum
293 758 432 822 minime
455 758 570 822 facere
594 777 702 841 posse,
727 757 906 840 Papiensis
922 758 1070 841 populus
1088 761 1156 824 iter
1171 781 1272 825 suum

115 869 130 908 a
153 849 247 910 retro
270 849 420 912 Arenam
445 846 579 910 direxit.
625 846 757 910 Milites
779 867 860 910 vero
884 867 962 910 cum
985 847 1146 912 universa
1168 853 1271 932 gente

153 955 270 998 eorum
291 928 476 1001 decontrab
496 935 630 998 Padum
647 955 783 998 cursum
800 955 900 998 suum
916 938 1083 1018 usquead
1100 935 1271 1003 Castrum·

152 1044 280 1086 novum
304 1027 339 1088 91
354 1023 675 1087 Vicum-marinum
700 1024 869 1102 direxere;
904 1024 1111 1088 caminatam
1136 1047 1271 1110 quoque

152 1112 292 1176 illorum
309 1113 351 1176 de
364 1111 601 1176 Castro-novo
618 1115 654 1176 et
668 1116 800 1176 turrem
817 1113 859 1176 de
871 1113 1115 1177 Vico-marino
1132 1115 1271 1180 fortiter

152 1221 359 1285 pugnavere.
395 1200 524 1264 Villam
543 1200 765 1265 Castri-novi
784 1203 820 1265 et
835 1201 1072 1279 Vici-marini,
1097 1203 1216 1266 domos
1235 1208 1270 1268 et

105 1313 133 1351 10
153 1293 286 1371 segetes
309 1293 345 1354 et
369 1290 454 1354 alias
478 1310 531 1354 res
555 1310 682 1365 omnes,
707 1310 772 1372 que
797 1290 888 1353 circa
904 1288 1028 1353 Ziliani
1051 1293 1086 1353 et
1102 1291 1270 1356 Seminati

152 1381 265 1441 castra
288 1383 323 1443 et
351 1378 497 1442 aliorum
527 1378 681 1442 locorum
711 1378 883 1456 invenere,
916 1398 1023 1460 usque
1054 1379 1097 1442 ad
1121 1380 1269 1444 Montis·

151 1466 224 1529 albi
255 1471 405 1531 castrum
435 1469 515 1551 igne
547 1470 785 1530 cremaverunt
817 1469 852 1530 91
885 1467 1149 1550 dissipaverunt.
1195 1468 1269 1533 Pla·

151 1555 283 1619 centini
306 1559 422 1620 autern
446 1555 584 1632 militen,
609 1556 667 1637 qui
691 1554 775 1618 illuc
799 1555 860 1619 ubi
882 1556 996 1637 ignem
1013 1555 1179 1620 videbant
1197 1577 1269 1640 per-

151 1664 231 1726 gere
266 1644 507 1728 properabant,
543 1645 634 1727 ipsos
670 1643 854 1727 Papienses
892 1664 1000 1726 usque
1039 1644 1083 1707 ad
1118 1648 1269 1709 castrum

103 1755 130 1794 15
150 1732 378 1796 Montis·albi
397 1733 626 1815 insequentes,
651 1735 824 1816 potestate
841 1731 987 1809 *relicta
1012 1753 1101 1796 unus
1121 1733 1269 1798 alterum
1287 1749 1371 1796 *1851

150 1821 289 1886 minime
325 1822 518 1897 attendens,
555 1821 665 1885 dictos
700 1821 904 1904 Ρ9919119990
934 1820 976 1885 de
1005 1820 1090 1884 villa
1119 1822 1269 1886 Montis·

149 1909 230 1987 albi,
258 1931 361 1993 quam
385 1910 624 1985 conbuserant,
656 1909 875 1993 reperientes,
908 1930 986 1972 cum
1011 1909 1150 1973 domino
1174 1910 1268 1974 Guil-

54 2021 57 2028 ·
149 1997 252 2062 lelmo
276 1999 474 2063 marchione
489 1999 693 2082 Malaspine,
718 1999 778 2081 qui
800 1997 1006 2081 inopinabili
1029 2018 1111 2062 casu
1133 1999 1171 2061 in
1193 1999 1268 2082 ipsa

149 2087 368 2171 expeditione
391 2091 541 2164 venerat,
566 2089 625 2170 qni
648 2087 732 2171 ipsis
747 2086 975 2169 Papiensibus
998 2087 1035 2149 in
1058 2086 1132 2171 ipso
1157 2087 1267 2171 prelio

101 2201 130 2239 20
148 2176 294 2240 viriliter
318 2180 353 2240 et
369 2176 532 2240 bellicose
548 2171 713 2252 resistitl,
738 2195 863 2258 magno
887 2176 1036 2259 strepitu
1059 2178 1095 2238 et
1119 2175 1267 2240 clamore

148 2284 251 2347 super
274 2285 332 2328 eos
354 2265 523 2347 impeturn
546 2264 676 2347 pariter
699 2267 734 2327 et
757 2262 926 2326 insultum
942 2263 1101 2326 fecerunt
1117 2267 1153 2326 91
1167 2266 1267 2346 terga

148 2355 322 2417 vertentes
346 2372 453 2435 usque
483 2353 519 2414 in
550 2356 645 2415 costa
676 2350 930 2416 1191119191119θ
959 2371 1016 2414 999
1046 2351 1264 2434 fugaverunt.

149 2440 286 2504 Ibidem
310 2461 390 2504 vero
414 2440 599 2524 Papienses
623 2439 750 2503 nostris
774 2459 810 2502 99
833 2439 971 2502 obviam
994 2439 1208 2521 prebuerunt
1231 2443 1266 2504 et

148 2548 256 2610 usque
279 2529 315 2590 in
338 2529 479 2605 fossato,
504 2529 596 2611 quod
615 2531 668 2592 991
683 2528 776 2592 inter
790 2527 901 2610 ipsam
918 2530 1048 2591 costam
1064 2532 1099 2592 et
1115 2531 1266 2591 castrum

99 2642 128 2682 11
147 2617 386 2693 Montis-albi,
417 2616 496 2680 illos
519 2617 691 2693 videlicet,
723 2617 782 2699 qui
812 2615 923 2680 secuti
947 2635 1004 2680 eos
1027 2616 1180 2691 fuerunt,
1214 2636 1266 2680 ex-

147 2704 314 2789 pulerunt
353 2709 388 2770 et
423 2708 644 2784 canaverunt;
684 2709 719 2769 et
754 2705 802 2768 sic
837 2698 988 2788 pluriesf
1014 2724 1104 2767 unus
1139 2710 1263 2787 superg

147 2794 296 2858 alterurn
335 2793 504 2858 insultum
546 2794 724 2871 facientes,
771 2797 917 2876 utraque
955 2814 1034 2877 pars
1071 2792 1266 2858 voluntarie

147 2883 287 2947 secessit
298 2883 318 2944 1.
358 2883 403 2945 In
425 2903 492 2967 quo
516 2883 626 2967 prelio
645 2883 739 2966 capti
754 2882 898 2946 fuerunt
915 2882 957 2946 de
974 2881 1142 2946 militibus
1159 2882 1265 2966 Papie

146 2971 247 3034 XXV
277 2975 312 3036 et
347 2973 389 3035 de
423 2972 636 3036 Placentinis
670 2971 831 3047 XLIHI;
867 2969 993 3034 vexilla
1029 2991 1163 3053 quoque
1197 2971 1266 3035 tria

99 3087 128 3124 99
146 3059 368 3142 Papiensium
391 3061 428 3122 in
451 3061 526 3144 ipso
550 3059 658 3144 prelio
682 3060 804 3123 habita
825 3059 979 3123 fuerunt.

255 3149 321 3212 Die
345 3149 438 3212 Iovis
454 3149 495 3212 V.
516 3149 642 3212 mensis
658 3148 810 3230 Augusti
832 3147 1001 3231 proximi²
1020 3146 1265 3212 Cremonenses
1284 3164 1427 3213 sacru.

147 3235 276 3300 milites
301 3239 336 3300 et
360 3237 504 3320 pedites,
529 3237 729 3300 Parmenses
753 3235 882 3299 milites
912 3238 948 3298 et
978 3235 1133 3318 pedites3
1162 3229 1262 3299 cumh

147 3325 241 3388 omni
272 3327 375 3408 gente
410 3328 446 3388 et
479 3325 589 3388 forcia
623 3344 740 3388 eornm
776 3326 811 3388 et
841 3344 919 3388 cum
942 3322 1199 3387 Mutinensibus
1230 3327 1266 3387 et

145 3413 291 3476 Rezanis
315 3417 350 3476 91
374 3412 451 3476 91119
475 3433 592 3477 eorum
616 3412 745 3488 amicis,
769 3433 847 3475 cum
864 3411 1009 3490 cariolis,
1034 3411 1213 3493 manganis
1230 3415 1265 3476 et

99 3529 126 3569 aa
146 3501 314 3585 predariis
349 3501 610 3565 castramentati
643 3500 787 3564 fuerunt
822 3501 912 3563 circa
942 3498 1263 3578 Castrum-novum,

146 3672 168 3723 11)
183 3671 339 3723 disipauerunt
352 3673 375 3715 11.
388 3674 431 3715 hc.
472 3675 495 3721 b)
509 3674 633 3719 emendari,¹
647 3670 756 3714 decente.
797 3675 819 3720 9)
833 3672 945 3712 redientes
959 3672 1101 3722 supplendum
1115 3683 1159 3711 9999
1172 3673 1263 3716 ametur.

146 3725 169 3776 d)
183 3727 214 3766 sle
227 3737 245 3766 9.
309 3730 330 3775 9)
344 3725 431 3766 91911911
444 3737 460 3769 ι,
520 3727 542 3774 f)
555 3727 631 3775 plures
645 3738 675 3774 c.,¹
689 3727 716 3774 cf.
730 3726 793 3772 iutra
802 3737 829 3775 pr
839 3726 873 3775 59,
888 3727 979 3771 111919.
1034 3726 1058 3776 g)
1072 3727 1112 3766 alt.
1126 3737 1194 3775 super
1207 3738 1265 3770 corr.

146 3790 215 3828 super
228 3781 266 3822 alt.
280 3791 299 3822 c.
353 3781 378 3828 h)
396 3791 446 3820 cum
460 3781 531 3828 suppl.
544 3780 637 3828 H.-Br.,·
656 3790 697 3822 om.
712 3791 729 3822 c.

148 3921 175 3988 1)
194 3921 248 3972 His
262 3922 348 3973 991119
361 3921 487 3988 (utraque
500 3951 532 3959 -
547 3920 666 3988 secessit)
682 3921 776 3988 ubique
789 3921 965 3986 Oodupucllua
983 3923 1078 3986 utitur,
1097 3921 1146 3972 ubi
1157 3926 1265 3988 purtem

97 4000 127 4038 40
147 3991 384 4044 Mediolanensium
409 4000 433 4045 ct
454 3993 668 4045 Placentinorum
692 3993 850 4056 inferiorem
874 3992 1021 4044 damasum
1045 4007 1098 4042 nou
1122 3993 1263 4057 r‘pucraud.

148 4062 224 4125 Quod
242 4063 288 4115 199
306 4063 360 4116 loco
378 4064 567 4130 quodammodo
585 4066 641 4131 epse
659 4065 789 4127 99999996,
807 4063 924 4115 scribens
939 4062 1032 4130 plures
1050 4063 1145 4114 milites
1156 4062 1265 4114 Placen·

146 4137 217 4184 tiuoa
240 4149 322 4199 quam
340 4134 483 4202 Papieusaa
507 4141 597 4202 captos
622 4150 682 4198 ease,
707 4135 773 4186 aliis
797 4135 859 4186 19919
877 4149 895 4184 9
912 4135 982 4186 ucria
1004 4134 1112 4185 testibus
1129 4134 1263 4187 audimus.

147 4205 189 4268 Cf.
211 4204 254 4258 ‘N.
274 4205 385 4256 Arctiu'
398 4206 478 4269 XVI,
495 4223 523 4273 p.
536 4208 588 4260 261
602 4221 641 4272 sq.
659 4207 720 4260 297.
811 4206 839 4271 2)
858 4206 928 4270 Aua.
947 4207 972 4259 ὅ.
998 4205 1055 4268 fuit
1073 4220 1097 4257 9.
1113 4206 1190 4259 1215.
1210 4205 1265 4256 dies

145 4275 285 4329 Mercurii.
358 4276 385 4344 3)
407 4277 450 4339 Cf.
469 4278 541 4331 Auu.
561 4277 653 4330 Purm.
672 4278 737 4330 mai.
751 4293 781 4342 p.
795 4277 856 4331 666.

1018 4379 1052 4435 4*
