3118 4840
249 309 267 362 8
353 304 542 360 IOHANNIS
562 303 807 360 GODAGNIILLI
825 303 1005 359 ANNALES
1023 302 1058 360 A.
1074 308 1257 361 1167-1174.

153 498 230 550 1167.
250 489 379 566 aderat,
404 489 467 552 hec
491 489 634 552 audiens
657 488 708 552 ita
731 490 838 571 gesta,
863 509 941 551 cum
965 509 1026 552 suo
1050 489 1203 552 exercitu
1218 489 1363 552 Romam

164 602 231 652 (ra.)
249 579 391 662 perexit,
416 598 545 660 suaque
569 579 682 640 castra
705 596 746 640 ex
769 580 867 660 parte
891 577 1033 641 ecclesie
1057 578 1151 641 beati
1173 578 1269 642 Petri
1291 582 1364 642 ten·

250 666 329 730 dere
352 667 453 730 iussit
469 667 679 748 eandemque
696 665 893 729 ecclesiaml
910 665 1114 731 conburrere
1131 667 1225 730 fecit.
1262 667 1363 731 Unde

250 776 291 820 ex
305 758 398 818 tama
419 756 564 838 pessimo
581 758 616 818 et
633 755 764 818 crudeli
786 755 881 818 facto
903 776 1017 819 rerum
1041 756 1194 818 omnium
1218 758 1362 833 creator,

249 845 341 927 apud
365 865 465 926 quem
485 844 621 907 nullum
639 846 795 906 remanet
813 843 942 906 malum
961 844 1179 927 impunitum,
1205 844 1363 927 precibus
1386 866 1399 904 5

249 933 344 997 beati
354 933 450 996 Petri
462 932 674 1015 aliorumque
690 953 829 995 suorum
845 936 1041 996 sanctorum
1058 933 1362 996 intervenientium

249 1026 448 1108 commotus,
473 1022 547 1085 fere
563 1042 681 1085 omnes
697 1020 960 1097 Theothonicos,
984 1024 1057 1084 tam
1074 1022 1244 1105 principes
1261 1043 1363 1105 quam

150 1133 231 1182 (aa.)
249 1110 343 1186 alios,
370 1117 404 1173 et
428 1111 632 1174 nominatim
657 1109 882 1174 Colonensem
906 1111 1201 1194 archiepiscopum
1227 1115 1262 1174 et
1286 1110 1362 1174 Car-

248 1199 379 1262 letum²
413 1199 523 1262 filium
557 1199 647 1282 regis
678 1197 827 1262 Conradi
862 1219 923 1262 sua
957 1200 1086 1263 virtute
1122 1202 1157 1262 et
1190 1202 1362 1283 potestate

247 1288 404 1352 Romana
436 1287 527 1350 febri
561 1288 718 1370 languine
753 1288 848 1351 fecit.
901 1288 1008 1351 Pauci
1041 1308 1121 1352 vero
1156 1289 1216 1371 qui
1250 1308 1362 1372 super·
1382 1312 1408 1350 m

248 1377 408 1440 vixerunt
424 1397 485 1458 per
501 1380 666 1440 montana
678 1376 854 1440 Placentia
871 1377 1079 1459 privatim
1048 1399 1114 1452 1111,
1132 1380 1206 1440 tum
1223 1381 1363 1460 propter

248 1458 695 1569 prenominatampestemb,
704 1469 779 1529 tum
787 1468 928 1548 propter
936 1465 1362 1530 Lonbardorumt1morem

248 1554 285 1616 in
309 1554 524 1617 Alamaniam
549 1558 766 1637 perexerunt.

354 1641 529 1706 MOLXX.
553 1663 669 1707 mense
685 1643 780 1704 Iunii
795 1642 991 1706 Placentini
1014 1647 1180 1727 ceperunt
1202 1649 1357 1708 1011111111ο

247 1732 350 1796 Petre
373 1731 513 1815 Sylarie
546 1734 581 1795 et
608 1731 737 1796 ibidem
768 1731 939 1795 maiorer
969 1732 1049 1795 filiis
1073 1731 1195 1796 Oberti
1218 1734 1260 1797 de
1284 1733 1362 1798 Pre·
1381 1757 1407 1796 rs

248 1821 336 1884 duca
360 1824 514 1883 mortuus
537 1820 617 1882 fuit.

151 1889 228 1943 11⁷²
353 1908 548 1972 MOLXXI.
580 1929 695 1972 mense
719 1909 873 1972 Ianuarii
897 1907 1113 1973 Christianus
1138 1910 1361 1974 cancellarius

144 1959 227 2067 aul.
223 1990 423 2062 *transivit
447 2018 506 2081 per
530 1997 698 2060 Ianuam³
721 2001 757 2061 et
779 1999 843 2061 ivit
865 1998 1019 2061 Romam

136 2111 179 2148 na
181 2111 228 2153 ..19
353 2084 568 2149 MOLXXII.
586 2087 641 2150 die
658 2086 755 2150 Lune
766 2086 871 2149 XIII
885 2087 964 2150 Kal.
977 2087 1062 2150 Iulii
1077 2091 1216 2151 centum
1233 2087 1361 2152 milites

246 2174 423 2240 Placentia
453 2179 489 2238 et
511 2175 795 2252 Mediolanenses,
822 2175 1047 2239 Alexandrini
1070 2179 1174 2258 atque
1197 2177 1361 2241 Astenses
1379 2203 1407 2241 1ο

246 2267 282 2328 et
297 2263 532 2328 Vercellenses
563 2268 598 2327 et
620 2264 847 2328 Novanienses
877 2265 1023 2348 prelium
1054 2286 1132 2328 cum
1163 2266 1360 2329 marchione

247 2353 289 2418 de
305 2353 442 2417 Monte·
450 2352 585 2417 ferato‘1
599 2354 759 2417 fecerunt
774 2354 871 2417 iuxta
886 2353 1056 2417 Montem-
1063 2354 1192 2417 bellum
1210 2360 1360 2417 castrum

246 2462 355 2518 suum
374 2442 542 2525 illumque
561 2462 639 2505 cum
659 2442 728 2506 suis
748 2443 790 2506 de
810 2463 930 2526 campo
948 2443 1098 2525 turpiter
1118 2437 1357 2526 [eripulerunt‘1

246 2525 331 2611 et]
322 2552 359 2592 1n
385 2531 506 2614 fugam
536 2534 714 2595 verterunt
743 2552 804 2614 per
834 2531 911 2615 plus
942 2551 1000 2594 sex
1029 2531 1179 2595 milibus.
1230 2531 1359 2596 Eodem

246 2639 346 2695 anno
382 2621 491 2703 primo
523 2619 582 2683 die
617 2619 876 2703 quadragesime
907 2620 1057 2683 hostium
1088 2621 1230 2684 ecclesie
1267 2620 1405 2686 beatiss

246 2708 409 2771 Antonii
434 2708 610 2791 inceptum
634 2711 695 2772 est.

172 2820 227 2869 sapt.
351 2795 588 2860 MOLXXIH.
613 2817 727 2861 mense
747 2797 940 2879 Septembri
959 2798 1136 2861 destructa
1155 2799 1259 2862 Petra
1278 2798 1360 2863 Sile·

245 2885 297 2948 ria
320 2888 356 2948 et
379 2885 534 2948 Produca
556 2886 710 2949 fuerunt.

149 2981 226 3034 1174.
351 2972 607 3037 MOLXXIIII.
641 2974 678 3036 in
711 2973 789 3037 Kal
821 2974 930 3037 Medii
965 2974 1084 3038 domus
1120 2974 1359 3039 Cruciatorum

142 3051 227 3093 ²¹⁴⁸³¹
171 3063 315 3154 8,1)11111
349 3063 535 3126 hedificata
569 3064 660 3146 apud
691 3055 889 3145 arginosfa
943 3063 1072 3128 Eodem
1107 3085 1207 3142 anno,
1243 3085 1405 3134 mensem

171 3104 440 3234 msepcembri
477 3153 664 3234 imperator
700 3151 882 3216 Pedericus
919 3173 1074 3216 reversus
1113 3157 1165 3217 est
1202 3155 1240 3215 in
1274 3153 1359 3217 Lon-

245 3240 400 3303 bardiam
431 3261 508 3303 oum
539 3261 664 3323 magno
697 3241 850 3305 exercitu
872 3240 1196 3320 Theothonicorum,
1230 3242 1359 3306 Boemi-

152 1623 229 1677 1170

178 1693 229 1734 Iun.

150 2599 227 2653 1173

122 2669 185 2712 sor.
194 2671 227 2711 21

244 3486 266 3532 a)
284 3485 315 3522 stc
334 3485 382 3527 Ioh.
398 3486 424 3523 de
443 3485 529 3533 Massia,
548 3489 571 3522 ut
591 3485 685 3533 Codoyn.
703 3495 766 3534 saepe
783 3486 877 3534 scripsit,
896 3486 923 3532 cf.
943 3485 979 3527 ‘N.
997 3482 1086 3523 Archiv'
1104 3485 1168 3534 XVI,
1185 3497 1210 3534 p.
1226 3487 1264 3525 293
1270 3499 1278 3534 ,·
1297 3497 1324 3524 ea
1342 3496 1361 3527 c.

244 3537 267 3587 b)
281 3537 331 3587 pcto
344 3549 361 3579 c.
415 3536 436 3587 c)
450 3538 516 3577 rocca
530 3549 546 3580 c.
600 3536 623 3585 d)
638 3549 687 3586 exp.
702 3543 724 3576 et
738 3549 780 3581 om.
793 3549 817 3587 a,
832 3549 887 3588 quae
901 3549 961 3576 more
975 3538 1102 3586 Godoqnells'
1115 3540 1173 3577 dicta
1187 3541 1257 3587 recept
1270 3549 1297 3577 erc
1311 3539 1360 3582 Ich,

243 3591 270 3629 de
286 3593 369 3632 Mursa.
422 3590 443 3640 c)
457 3593 488 3629 stc
501 3602 518 3632 c.
532 3595 551 3629 et
565 3593 613 3634 Ioh.
626 3592 652 3630 dc
662 3591 741 3630 Maesta
753 3592 860 3644 (Aquae),
875 3592 912 3641 qut
926 3593 999 3630 addit:
1014 3597 1078 3630 extra
1092 3597 1178 3640 portam
1189 3591 1265 3632 Strata
1275 3593 1359 3632 Lovste
1378 3592 1404 3632 31

243 3645 318 3690 (hodie
326 3647 396 3692 porta
410 3641 471 3683 Sant'
486 3645 602 3693 Anconam
617 3645 724 3684 Antonini
738 3647 818 3689 omna,
832 3647 902 3687 Perta.
956 3645 974 3695 1)
988 3645 1076 3694 argmes
1090 3645 1138 3688 Ich.
1152 3649 1214 3694 recte,
1229 3649 1252 3683 ut
1266 3657 1323 3687 reor.

245 3858 271 3924 1)
292 3857 355 3909 Non
366 3858 498 3910 eccleciam
510 3858 537 3911 S.
550 3858 633 3922 Petri,
651 3859 696 3908 sed
712 3858 739 3916 S,
753 3858 861 3909 Mariae
873 3858 1003 3909 eccleciam
1015 3858 1060 3909 itti
1070 3860 1192 3912 amicam.
1247 3860 1276 3927 2)
1295 3859 1359 3910 Fri·

243 3929 368 3993 arreum,
394 3931 442 3994 qut
465 3934 488 3980 et
512 3931 542 3980 in
561 3930 634 3982 Ana.
653 3929 796 3995 Eomund„
816 3929 864 3983 SS.
882 3929 964 3993 XVI,
978 3947 1007 3996 p.
1020 3932 1082 3993 465,
1101 3930 1225 3981 Karotus
1242 3935 1357 3982 vocatur.

243 4001 270 4067 3)
294 4000 335 4062 Cf.
354 4001 426 4053 Ana.
446 4000 517 4064 Iam,
535 4000 583 4053 SS.
602 3999 714 4064 XVIII,
729 4017 759 4065 p.
773 4003 807 4054 90
819 4017 856 4066 sq.
936 4003 964 4066 4)
989 4001 1125 4052 thhelmo
1138 4000 1192 4054 III.
1265 4001 1292 4066 5)
1316 4000 1359 4052 Ιο-

242 4071 358 4122 hannem
375 4072 406 4123 de
418 4071 519 4122 11111111
531 4071 594 4122 haec
610 4071 646 4120 ad
658 4088 683 4124 a.
695 4073 773 4136 1164,
792 4071 956 4125 ada.1173.
969 4070 1016 4122 hoc
1029 4073 1183 4136 locopositis
1194 4072 1231 4123 od
1244 4087 1268 4125 α.
1281 4073 1357 4126 1170.
1376 4090 1404 4127 40

243 4142 337 4194 datm
361 4144 464 4194 monuit
491 4141 590 4198 II-Br,
628 4142 682 4205 Qut
704 4141 837 4194 Iohannes
861 4143 952 4194 addit:
979 4141 1008 4193 in
1035 4158 1183 4208 campanea
1208 4139 1358 4194 Placentia.

242 4212 348 4280 Argiue
359 4214 453 4264 Italiae
468 4219 506 4265 ost
517 4229 600 4278 uyyer
612 4214 652 4264 vel
666 4213 807 4278 fossatum,
826 4229 906 4280 qaam
924 4229 1007 4265 vocem
1025 4229 1117 4264 nomen
1136 4213 1186 4264 loci
1202 4213 1287 4276 fuisse
1304 4228 1358 4264 non

242 4284 326 4339 credo.
358 4285 491 4348 01111111.
510 4283 624 4335 Placent.
645 4284 704 4338 Gib.
719 4300 748 4349 p.
762 4286 823 4346 479,
843 4284 859 4337 t.
873 4286 922 4338 53:
944 4299 994 4351 per
1012 4283 1134 4352 arginem
1154 4283 1188 4336 de
1206 4283 1320 4337 Buxeto.
