3118 4840
214 341 249 394 46
375 337 566 394 IOHANNIS
586 338 831 430 OODAGNIlLLl
850 338 1032 393 ANNALIlS
1051 338 1086 394 A.
1102 341 1179 395 1214.

120 535 196 587 1214.
217 524 426 587 Sarturana⁸
465 527 500 586 et
535 524 578 587 de
606 523 816 587 Villa-nova
852 525 887 586 et
922 521 1033 585 multa
1067 522 1136 586 alia
1170 522 1247 587 loca
1282 521 1335 586 de·

216 614 417 676 struxerunt
451 616 486 675 et
521 613 771 687 conbuserunt;
807 615 843 675 et
873 613 1040 693 oeperunt
1069 612 1106 675 in
1135 611 1219 696 ipsis
1251 611 1335 675 locis

216 702 308 764 inter
331 700 465 783 pedites
489 705 524 764 et
548 701 676 766 milites
700 720 822 765 novem
847 703 998 776 centnm,
1031 704 1066 764 et
1090 703 1263 766 steterunt
1286 700 1336 764 ibi

217 810 278 872 per
300 789 366 852 XV
390 788 473 854 dies.

109 905 165 950 sept.
177 903 197 942 5.
324 877 391 941 Die
407 877 551 943 Veneris
567 878 607 942 V.
625 877 751 942 mensis
767 877 980 962 Septembris
996 877 1241 943 Cremonenses
1258 898 1335 942 cum
1360 903 1374 941 s

218 967 311 1032 omni
341 971 444 1050 gente
475 987 592 1031 eorum
615 968 754 1031 iverunt
783 967 971 1031 interram
995 967 1277 1032 Placentinorum
1300 969 1337 1030 et

112 1082 197 1130 sapae.
218 1057 478 1120 castramentati
506 1056 605 1120 fuere
635 1057 729 1139 apud
759 1055 1100 1120 (lumem-maiorem.
1147 1056 1228 1120 Alia
1256 1076 1337 1121 vero

218 1137 295 1208 dicb
314 1165 431 1210 versus
447 1145 683 1209 Florenzolam
708 1148 743 1209 et
766 1145 1039 1229 explanaverunt
1054 1149 1189 1228 partem
1202 1145 1335 1220 fossati,

218 1235 310 1317 quod
332 1233 386 1296 illi
411 1234 453 1298 de
477 1234 678 1298 Florenzola
700 1234 861 1298 fecerunt
885 1234 1052 1318 desuptus
1076 1256 1097 1297 a
1119 1237 1224 1318 ponte
1243 1234 1337 1298 Arde

218 1343 326 1405 usque
349 1322 393 1386 ad
416 1322 549 1387 fontem
570 1323 613 1388 de
630 1321 748 1399 Gallo;
772 1324 971 1406 inquorum
991 1323 1337 1387 auxilioParmenses
1358 1349 1385 1387 10

219 1433 297 1476 cum
331 1411 491 1475 universa
524 1415 628 1494 gente
663 1432 781 1475 eorum
817 1431 857 1476 ea
887 1412 943 1475 die
972 1415 1141 1476 venerant
1172 1411 1335 1495 Burgum,

218 1501 278 1584 qui
302 1500 608 1565 Cremonensibus⁰
636 1501 729 1584 apud
754 1500 989 1565 Florenzolam
1019 1521 1055 1565 se
1085 1501 1335 1575 adunaverunt,

112 1611 199 1661 *assu
218 1595 254 1653 et
289 1589 337 1653 sic
368 1589 519 1654 ordinati
554 1593 590 1654 et
626 1590 751 1654 armati
783 1589 914 1654 *versus
945 1589 1109 1654 Sanctum
1141 1589 1337 1654 Protasium

218 1680 371 1756 iverunt;
396 1700 500 1762 quam
523 1678 641 1742 villam
665 1681 701 1742 et
718 1679 810 1742 (larii
833 1678 947 1742 locum
972 1679 1206 1744 conbuserunt
1229 1682 1264 1742 et
1283 1678 1338 1742 de·

219 1772 428 1844 struxerunt,
453 1772 489 1831 et
512 1767 656 1831 fuerunt
681 1787 787 1850 usque
811 1769 856 1831 ad
880 1767 1122 1832 Albonaxium.
1357 1791 1384 1830 ιε

125 1879 198 1921 aar.
324 1855 547 1932 MCOXIIII,
571 1856 763 1920 indictione
779 1855 849 1932 III,
874 1856 930 1920 die
950 1856 1087 1921 sabbati
1103 1857 1194 1919 IIII.
1211 1855 1337 1921 mensis

220 1945 382 2010 Octubris
419 1944 547 2008 milites
582 1944 773 2009 Mediolani
810 1965 954 2009 numero
992 1945 1088 2010 mille
1122 1945 1336 2010 Placentiam

127 2057 200 2099 cae.
219 2032 425 2107 venerunt13
459 2033 514 2098 die
537 2053 618 2098 vero
641 2033 924 2098 Mercurii-VIII.
949 2035 1102 2098 eiusdem
1126 2034 1252 2098 mensis
1276 2031 1337 2099 Oc·

218 2122 330 2186 tubris
353 2121 549 2186 Placentini
571 2127 643 2186 tarn
667 2122 795 2187 milites
823 2143 926 2206 quam
950 2124 1085 2207 pedites
1108 2144 1187 2188 cum
1209 2122 1337 2188 Medio-

219 2210 418 2276 lanensibus
447 2211 617 2276 militibus
647 2211 691 2276 ad
722 2215 875 2276 castrum
898 2212 1092 2296 Parpauisii
1119 2216 1336 2296 perexerunt,
1357 2239 1384 2275 eo

219 2304 254 2365 et
284 2299 371 2364 illud
402 2301 540 2384 quidem
565 2300 760 2365 Placentini
791 2300 942 2384 undique
966 2301 1176 2366 obsederunt
1200 2305 1337 2366 etcum

218 2389 395 2474 predariis,
430 2390 551 2472 gattis,
594 2390 765 2473 sagitariis
805 2393 840 2454 et
875 2390 1069 2454 balestariis
1105 2389 1250 2454 viriliter
1285 2411 1337 2454 ex-

219 2480 476 2562 pugnaverunt;
508 2480 599 2562 quod
632 2483 780 2542 castrum
805 2483 901 2544 turre
925 2500 1051 2563 magna
1075 2501 1113 2543 ac
1137 2479 1334 2554 fortissima,

220 2568 339 2632 castris
356 2588 490 2651 quoque
507 2567 706 2650 lignaminis
723 2570 758 2632 et
774 2569 889 2651 spadis
906 2568 1055 2651 optimis,
1075 2569 1214 2632 fossatis
1231 2568 1335 2632 etiam

219 2656 401 2738 profundis
425 2660 460 2720 et
490 2676 579 2739 aqua
609 2655 720 2740 plenis
755 2660 832 2720 erat
865 2660 1102 2721 constructum
1137 2657 1267 2740 pariter
1301 2660 1339 2721 et
1356 2680 1383 2720 25

220 2745 402 2808 munitum.
441 2745 486 2807 In
508 2765 576 2828 quo
600 2750 738 2810 centum
765 2746 919 2809 homines
939 2746 1161 2829 Papiensium
1186 2766 1247 2831 pro
1270 2746 1337 2809 isto

220 2837 332 2898 castro
355 2834 576 2898 defendendo
600 2834 754 2910 aderant,
783 2835 843 2916 qui
866 2839 1015 2898 castrum
1040 2835 1129 2898 illud
1153 2835 1279 2899 acriter
1302 2838 1337 2900 et

219 2923 359 2986 fortiter
376 2922 619 3000 defendebant,
645 2943 723 2986 cum
739 2923 856 3006 petris,
880 2922 1038 2988 trabibus
1060 2928 1096 2988 et
1111 2925 1232 3008 sagitis
1255 2944 1337 2987 arcu

220 3014 255 3076 et
290 3011 434 3075 balistra
466 3011 577 3074 missis
608 3015 743 3075 nostros
774 3012 811 3074 in
839 3013 971 3076 fossato
1002 3017 1038 3077 et
1067 3013 1105 3075 in
1135 3018 1248 3077 castro
1278 3033 1339 3096 per

219 3101 288 3163 vim
318 3100 474 3164 volentes
503 3100 634 3164 intrare
665 3101 912 3184 percucientes.
958 3101 1110 3166 Tandem
1143 3101 1337 3166 Placentini
1358 3127 1383 3163 eo

219 3191 257 3252 in
272 3189 403 3253 fossato
419 3188 515 3272 ligna
531 3193 566 3252 et
583 3189 720 3254 arbores
736 3191 893 3273 grandes,
915 3211 1012 3254 carra
1028 3193 1063 3254 et
1079 3191 1182 3254 etiam
1200 3194 1338 3274 guttum

219 3277 435 3362 proicientes,
460 3298 563 3362 super
585 3279 667 3362 ipsis
691 3300 826 3363 quoque
849 3280 886 3342 in
903 3279 1073 3343 fossatum
1090 3279 1337 3344 descendentes

220 3371 256 3433 et
279 3368 381 3431 etiam
408 3388 511 3450 super
532 3367 721 3451 terragium
745 3389 878 3431 summa
893 3369 927 3431 vi
946 3388 1053 3451 usque
1077 3369 1202 3452 spados
1225 3389 1338 3432 ascen-

220 3458 350 3521 dentes.
397 3456 564 3521 Videntes
587 3451 748 3520 interim(1
773 3457 963 3533 intrinseci,
994 3457 1054 3540 qui
1084 3458 1198 3522 locum
1229 3459 1338 3520 custo·

220 3545 363 3610 diebant
386 3549 422 3610 et
446 3544 689 3623 defendebant,
714 3544 935 3610 Placentinos
955 3545 998 3610 ab
1017 3546 1157 3630 incepto
1173 3547 1338 3610 desistere
1358 3571 1384 3609 aa

220 3634 387 3712 nolentes,
408 3634 468 3698 sed
485 3654 588 3718 super
603 3635 790 3718 terragium
809 3638 913 3718 atque
930 3635 1034 3698 castri
1050 3637 1174 3719 spados
1190 3635 1339 3698 viriliter

220 3724 446 3788 ascendentes
481 3723 611 3806 pariter
646 3727 681 3788 et
720 3728 967 3807 expugnantes,
1007 3725 1128 3808 fugam
1166 3723 1339 3806 potientes

219 3932 242 3984 a)
256 3934 287 3973 sic
300 3933 362 3979 infra
377 3943 399 3972 a.
414 3931 474 3979 1216,
491 3943 516 3980 p.
532 3933 572 3979 bu·
592 3936 699 3971 satur-aua
712 3932 734 3974 ir.
748 3933 763 3975 1.
778 3942 811 3981 c.,·
828 3932 944 3972 Sartlrana
958 3933 1021 3975 Gale.
1034 3933 1144 3977 Pluinma.
1212 3934 1235 3979 b)
1249 3933 1342 3972 iverunt

219 3987 361 4036 amblardum
375 3985 466 4027 oldaur.
520 3986 541 4032 c)
555 3985 677 4033 emendavi,
691 3995 846 4025 cremonenses
860 3997 877 4027 e.
931 3986 954 4033 d)
971 3987 1002 4024 stc
1015 3987 1170 4025 emendandum
1185 3995 1229 4025 esec
1242 3985 1340 4033 oldam,-

122 4071 125 4079 .
219 4040 248 4087 cl.
261 4051 330 4089 supra
340 4051 365 4088 p.
374 4039 408 4089 44,
424 4038 438 4080 l.
448 4038 473 4086 8,-
491 4038 571 4077 iterum
586 4050 603 4081 c.
1357 4043 1385 4080 40

222 4183 249 4250 1)
269 4181 322 4235 Oct.
336 4184 360 4236 5.
373 4181 581 4233 Mediolanenses
592 4182 698 4233 Padum
710 4183 852 4233 transiture
866 4181 919 4244 (vel
929 4187 1047 4234 castrum
1059 4181 1222 4248 Parpaniaii
1233 4187 1339 4248 coptum

219 4255 286 4316 csse)
304 4254 388 4304 Notae
405 4252 432 4305 S.
448 4251 559 4318 Georgii
575 4253 683 4306 Medici.
701 4251 822 4318 tradunt,
849 4253 897 4304 uti
919 4269 946 4307 a.
960 4255 1002 4308 60.
1022 4253 1096 4316 falae
1121 4253 1153 4304 de
1177 4253 1232 4303 situ
1258 4251 1341 4304 buius

219 4326 306 4376 castri
321 4323 451 4376 adnotata
468 4330 544 4390 sunt,
567 4323 625 4376 vide
642 4323 753 4375 indicem
772 4330 902 4377 noctram.
