3112 4856
226 315 278 370 100
394 310 585 368 IOHANNIS
604 310 852 367 OODAGNIILLI
869 311 1051 366 ANNALES
1070 312 1105 368 A.
1120 316 1197 369 1230.

128 501 205 557 1230.
224 497 462 562 Vercellarum
506 496 573 560 iter
618 516 735 560 eorum
775 496 983 573 direxerunt,
1029 496 1226 580 ibidemque
1265 518 1344 562 oum

224 585 541 651 Mediolanensibus
565 605 601 650 se
625 585 916 659 coadunaverunt,
941 606 1071 649 moram
1096 586 1145 649 ibi
1169 587 1260 650 circa
1276 585 1343 649 XV

225 676 298 740 dies
332 675 511 751 facientes,
547 674 676 738 milites
711 674 857 738 aliarum
894 675 1076 738 civitatum
1111 677 1342 758 expectantes.

226 763 294 844 Qui
327 764 421 828 iussa
455 767 491 827 et
525 763 688 826 mandata
726 767 900 828 rectorum
938 764 1119 829 attendere
1159 766 1194 828 et
1228 765 1343 828 facere

223 856 432 929 recusantes,
467 854 571 936 prout
605 851 834 935 promiserant
865 855 901 917 et
931 855 1172 930 convenerant,
1206 853 1244 915 in
1273 873 1385 920 suc-s

226 963 364 1007 cursum
381 941 694 1006 Alexandrinorum
718 961 860 1025 pergere
883 941 1138 1024 neglixerunt⁸.
1177 941 1344 1006 Videntes

226 1034 344 1095 autem
359 1030 555 1094 Placentini
571 1029 699 1094 milites
716 1034 751 1094 et
767 1030 1042 1094 Mediolanenses
1058 1051 1203 1095 numero
1219 1032 1345 1115 septin-

225 1120 323 1204 genti
353 1140 431 1184 onm
461 1119 699 1200 designatione
729 1119 878 1182 militum
904 1120 953 1183 eis
977 1119 1202 1203 contingente
1226 1124 1262 1184 et
1285 1119 1346 1182 alii

225 1209 354 1274 ibidem
385 1207 586 1290 congregati
616 1206 811 1285 Oumenses,
836 1207 1041 1286 Brixienses,
1065 1209 1259 1284 Mantuani,
1284 1208 1345 1271 Pa-

226 1298 333 1362 duani
356 1300 392 1362 et
414 1289 559 1379 reliquib
587 1296 630 1361 de
646 1297 789 1360 Maroha
811 1297 905 1360 iussa
927 1301 964 1362 et
986 1301 1150 1381 precepta
1171 1301 1345 1362 rectorum
1365 1325 1395 1364 10

226 1389 427 1472 spernentes
443 1388 478 1449 et
494 1385 537 1448 ad
550 1385 803 1468 expeditionem
820 1386 983 1450 accedere
997 1389 1206 1464 recusantes,
1224 1387 1345 1450 habito

227 1475 391 1540 conscilio
421 1475 464 1538 ad
496 1479 611 1558 partes
646 1474 779 1538 scilicet
809 1475 1019 1540 Alexandrie
1049 1475 1117 1539 iter
1149 1496 1268 1539 eorum
1298 1474 1345 1538 di·

225 1566 398 1628 rexerunt.
434 1562 630 1627 Ooadnnati
644 1584 725 1627 vero
742 1566 777 1628 et
793 1566 994 1648 congregati
1010 1584 1088 1627 oum
1102 1564 1345 1628 Alexandrinis

225 1655 262 1718 in
291 1656 421 1718 terram
451 1653 659 1716 marchionis
689 1652 731 1716 de
755 1652 1013 1717 Monte-ferato
1037 1653 1212 1718 hostiliter
1241 1653 1345 1716 intra·

105 1761 136 1810 a.
149 1763 207 1803 100⁸.
225 1745 360 1819 verunt,
385 1745 518 1825 segetes
542 1742 681 1824 quidem
706 1740 756 1806 *et
779 1742 896 1806 vineas
921 1744 957 1806 et
980 1742 1118 1806 arbores
1143 1742 1345 1826 depopulati
1366 1769 1396 1808 ra

226 1832 379 1907 fuerunt,
410 1831 487 1894 loca
517 1832 553 1894 et
575 1830 676 1894 villas
705 1830 787 1912 igne
818 1833 1066 1896 cremaverunt.
1112 1831 1179 1896 Die
1210 1851 1344 1914 quoque

58 1940 210 1991 naricam).
226 1920 364 1984 sabbati
379 1919 521 1981 ἮΙΙΙ.ο
543 1918 622 1982 Kal.
639 1918 755 1982 Iunii1
778 1919 870 1983 circa
893 1923 1042 1984 castrum
1067 1921 1110 1984 de
1133 1921 1345 1985 Monbaruzo

227 2030 290 2072 sua
319 2010 509 2092 posuerunt
538 2009 733 2091 temptoria,
769 2008 859 2072 illud
893 2009 1046 2091 undique
1081 2009 1279 2074 obsidentes
1309 2011 1345 2072 et

227 2096 373 2161 viriliter
395 2118 473 2161 cum
498 2097 677 2179 manganis
708 2099 743 2161 et
767 2097 935 2180 predariis
959 2101 995 2162 et
1017 2098 1196 2162 trabuchis
1220 2117 1345 2181 expug-

226 2189 358 2262 nantes,
387 2188 516 2249 terram
547 2186 651 2250 etiam
675 2187 884 2250 marchionis
907 2207 1041 2271 semper
1065 2187 1285 2252 devastantes
1309 2190 1344 2250 et
1364 2215 1395 2253 so

227 2275 466 2340 conburentes.
513 2275 559 2337 Et
582 2275 664 2338 dum
689 2277 752 2340 hec
776 2278 970 2359 agerentur,
995 2279 1145 2340 rectores
1169 2276 1344 2340 societatis

226 2364 487 2428 Loubardornm
517 2367 553 2428 et
583 2363 643 2428 alii
673 2365 738 2427 viri
767 2364 911 2442 nobiles,
943 2366 1002 2448 qui
1032 2366 1069 2428 in
1101 2365 1176 2448 ipso
1200 2365 1345 2429 aderant

226 2453 389 2530 exercitu7
414 2453 591 2536 cupientes
607 2456 735 2517 terram
750 2454 968 2517 inimicorum
985 2455 1124 2538 penitus
1141 2453 1345 2538 depopulari

227 2546 263 2606 et
278 2542 468 2625 depredari,
485 2542 577 2606 inter
589 2543 864 2607 Mediolanenses
880 2547 916 2607 et
928 2542 1150 2607 Placentinos
1165 2543 1343 2618 miserunt,

226 2633 267 2693 ut
290 2651 489 2695 succursum
520 2631 670 2694 militum
703 2635 738 2696 et
769 2632 926 2715 peditum
954 2633 1082 2696 iterum
1113 2635 1265 2716 prestare
1290 2633 1344 2696 de·
1363 2658 1394 2698 a>

226 2720 357 2795 berent,
382 2722 511 2801 utque
535 2715 807 2802 proposuerant‘l
834 2721 878 2784 ad
902 2722 1032 2785 exitum
1049 2723 1237 2804 perducere
1255 2721 1344 2785 velo·

227 2809 314 2872 citer
339 2812 489 2892 possent.
537 2807 605 2885 Qui
638 2809 794 2872 volentes
828 2809 921 2872 iussa
956 2813 991 2874 et
1026 2811 1191 2874 mandata
1225 2831 1343 2874 eorum

226 2897 379 2981 plenarie
404 2897 592 2973 observare,
623 2897 718 2961 illico
742 2919 859 2962 omnes
890 2899 1017 2964 milites
1041 2899 1240 2976 Mediolani,
1271 2901 1343 2961 tam

226 2986 410 3049 extrinseci
434 3006 536 3067 quam
559 2986 749 3061 intrinseci,
780 3007 859 3050 cum
881 2988 993 3052 tribus
1024 2987 1164 3052 milibus
1188 2987 1344 3071 peditum

227 3074 269 3138 de
293 3073 492 3137 melioribus
507 3075 697 3139 Mediolani
719 3075 786 3139 iter
804 3096 921 3140 eorum
938 3076 1114 3141 Vercellas
1134 3077 1343 3152 direxerunt,
1364 3103 1396 3142 eo

226 3163 263 3226 in
287 3162 454 3225 auxilium
477 3162 791 3228 Alexandrinorum
814 3166 985 3249 proficisci
1007 3165 1224 3230 festinantes.

226 3341 286 3405 De
311 3361 414 3425 pace
438 3343 481 3406 et
504 3343 741 3406 concordia
763 3343 886 3407 facta
908 3343 1028 3408 inter
1050 3343 1344 3408 marchionem

305 3431 353 3494 de
377 3430 697 3495 Monte-ferato
722 3435 764 3496 et
786 3435 983 3497 rectores
1008 3432 1266 3497 Lonbardie.

110 3581 205 3624 nnnc.
333 3554 399 3619 Die
429 3575 509 3618 vero
537 3555 630 3618 Iovis
660 3556 765 3619 XIII.
796 3556 923 3621 mensis
952 3556 1048 3620 Iunii
1079 3557 1238 3620 dominus
1267 3555 1344 3618 Rai-

226 3643 376 3706 mundus
407 3643 449 3707 de
473 3644 565 3721 1000,
597 3643 775 3709 Placentia
799 3649 962 3729 potestas,
994 3666 1118 3728 magne
1149 3645 1344 3710 nobilitatis
1363 3672 1395 3710 aa

224 3832 248 3887 a)
263 3835 295 3873 sic
308 3845 326 3876 c.
380 3833 404 3884 b)
418 3835 457 3873 hos
471 3845 534 3872 cassis
546 3835 691 3875 nominativos
705 3836 727 3874 in
741 3837 873 3876 acoesaums
886 3840 971 3876 mutare
984 3847 1028 3875 aon
1042 3837 1097 3886 iicet,
1111 3848 1158 3876 cum
1173 3836 1269 3884 Godapn.
1284 3835 1345 3874 haud

224 3889 451 3993 agvgrgslpgzgggiigucm
461 3899 506 3937 pro
521 3889 642 3926 comatico
655 3893 674 3928 ci
690 3889 732 3927 viee
745 3899 809 3928 versa
822 3891 968 3938 usurpaverit.
1024 3889 1045 3940 c)
1060 3891 1123 3931 vl11.
1138 3891 1293 3929 emendandum
1308 3893 1344 3930 cci.

227 4083 253 4152 1)
274 4086 298 4138 9.
318 4081 376 4135 die
393 4080 468 4135 Iunii
483 4083 559 4138 Galo.
572 4083 706 4150 Flamma,
723 4083 830 4152 Monip.
843 4101 863 4138 c.
873 4087 935 4151 263,
955 4093 979 4138 et
996 4086 1090 4138 exinde
1102 4086 1174 4140 Ana.
1187 4085 1341 4150 Mediolan„

225 4155 373 4221 Marcioni,
393 4154 441 4208 SS.
459 4154 537 4221 XVI,
556 4155 602 4209 eol.
616 4157 676 4223 641,
696 4156 745 4206 uti
760 4155 807 4208 hoc
824 4163 905 4224 caput
923 4157 1053 4208 Galvunci
1067 4159 1217 4223 ascriptum
1235 4162 1279 4223 cst,
1299 4156 1345 4208 sed
1362 4171 1395 4209 so

224 4227 268 4278 hic
291 4227 348 4277 dics
372 4242 397 4280 a.
419 4228 496 4280 1230.
522 4227 578 4290 fuit
602 4228 758 4281 dornitiaco.
795 4227 833 4280 Et
853 4228 1003 4280 (loicaneria
1024 4230 1104 4279 ctiam
1122 4230 1216 4282 0.264.
1237 4230 1278 4282 12.
1299 4226 1343 4280 die

142 4349 145 4364 ,
223 4296 299 4350 Iunii
312 4312 366 4365 pro
384 4295 452 4351 XII.
471 4295 536 4352 Kal.
555 4295 629 4348 Iunii
646 4300 763 4364 corbati.
