3112 4856
122 209 124 216 Ι
191 257 226 310 92
355 251 546 308 IOHANNIS
564 252 811 308 GODAGNELLI
829 252 1011 308 ANNALES
1030 255 1064 309 A.
1079 257 1157 310 1229.

95 449 172 502 1229.
191 437 266 501 fieri
289 437 435 520 potest1.
483 437 613 502 Deditl
641 437 840 521 parabolam
872 437 1040 502 universis
1063 438 1099 501 in
1123 438 1198 522 ipso
1221 459 1312 503 exer·

193 527 265 588 citu
289 525 550 589 existentibus⁸.
598 525 666 605 Qui
696 526 823 610 gaudio
852 547 977 609 magno
1001 527 1045 590 ad
1069 528 1207 610 propria
1231 530 1312 590 sunt

192 615 328 689 reversi,
353 614 470 677 divina
492 615 632 679 favente
655 615 777 698 gratia.

298 701 587 767 MGOXXVIIII.
623 705 803 788 preconari
836 725 898 787 per
932 705 1110 769 civitatem
1139 705 1226 769 fecit
1256 706 1312 769 do-

192 792 305 856 minus
329 789 536 856 Guilielmus
567 792 756 876 Saporitus,
787 793 965 857 Placentie
989 796 1153 876 potestas,
1185 797 1225 856 ut
1253 794 1349 857 mis

192 880 272 945 lites
302 884 338 945 et
368 880 502 964 pedites
532 881 628 964 equis
658 885 693 946 et
725 882 828 946 armis
859 885 974 946 essent
999 883 1176 966 preparati
1198 883 1311 966 ipsum

192 963 453 1052 persequendib,
479 991 557 1033 cnm
580 991 643 1034 sua
665 971 840 1035 audierint
863 971 971 1053 signa.
1007 971 1115 1035 Facta
1131 992 1211 1036 vero
1228 971 1312 1036 eleo·

191 1059 296 1136 tione,
332 1062 435 1143 prout
469 1059 647 1124 Placentie
683 1059 890 1124 consciliarii
925 1063 1133 1138 statuerunt,
1169 1064 1209 1124 ut
1242 1061 1312 1124 tria

192 1147 289 1211 milia
319 1148 473 1231 peditum
507 1150 542 1212 et
572 1149 723 1212 militum
753 1169 870 1213 omnes
901 1169 1006 1231 equos
1036 1149 1205 1214 habentes
1233 1170 1311 1213 cum

192 1236 274 1299 viris
304 1237 504 1301 extrinsecis
533 1237 569 1300 in
601 1238 819 1321 expeditione
843 1259 945 1321 snper
968 1238 1311 1302 Pontremulensibus
1331 1260 1359 1298 ιο

192 1324 340 1389 inimicis
364 1327 491 1390 nostris
514 1329 648 1390 statuta
671 1347 814 1410 pergere
838 1327 1014 1392 deberent.
1050 1326 1127 1406 Quo
1143 1327 1238 1392 facto
1255 1327 1311 1391 die

36 1430 174 1477 Arc-222⁸.
192 1415 355 1478 Mercurii
371 1414 435 1476 XI.
455 1415 532 1478 Kal.
549 1415 761 1498 Septembris
785 1420 821 1480 et
844 1415 899 1480 die
917 1416 1008 1479 Iovis
1025 1417 1193 1498 sequenti,
1217 1415 1311 1480 tubis

85 1519 114 1565 ‘a
124 1516 172 1558 ab·
192 1503 404 1582 sonantibus,
419 1504 655 1570 *tintinabulis
670 1504 899 1589 pulsantibus,
912 1525 995 1569 voce
1011 1505 1168 1589 preconis
1180 1505 1309 1580 audita,

192 1592 368 1658 civitatem
393 1593 560 1670 exierunt,
591 1595 658 1658 iter
685 1614 803 1658 eorum
826 1614 944 1658 versus
967 1593 1094 1658 vallem
1116 1594 1210 1658 Tarii
1233 1593 1310 1657 diri·

71 1702 171 1750 mas.
191 1685 322 1764 gentes.
369 1683 435 1746 Die
470 1685 586 1746 autem
611 1682 748 1746 sabbati
775 1704 853 1746 cum
883 1683 1080 1746 hominibus
1111 1683 1310 1747 extrinsecis
1330 1705 1357 1744 1⁵

192 1772 284 1854 apud
310 1771 464 1852 Burgum
488 1772 530 1834 de
554 1772 644 1835 valle
660 1771 754 1835 Tarii
777 1793 812 1836 se
836 1772 1129 1836 coadunaverunt.
1165 1771 1231 1835 Die
1255 1772 1310 1835 do·

70 1880 171 1927 aare.
192 1860 319 1923 minica
349 1859 430 1923 VII.
464 1860 563 1922 ΚΒΜ
600 1860 812 1943 Septembris
843 1864 1020 1925 moventes
1051 1864 1164 1925 castra
1193 1881 1310 1925 versus

191 1948 306 2012 locum
342 1948 384 2012 de
408 1949 484 2012 Ziro
515 1950 669 2031 equitare
698 1950 953 2013 festinaverunt
984 1953 1019 2014 et
1050 1971 1128 2014 cum
1152 1950 1310 2014 universo

192 2038 344 2116 exercitu
361 2037 436 2100 fixis
452 2037 653 2120 albergariis
670 2041 819 2102 castrum
835 2038 925 2102 illud
948 2039 1105 2103 obsidere
1129 2041 1309 2122 ceperunt3

144 2137 147 2146 '
192 2129 227 2190 et
249 2126 317 2190 nisi
340 2128 426 2190 hora
450 2127 518 2190 diei
541 2129 609 2190 iam
633 2127 779 2191 nimium
804 2127 1020 2204 declinasset,
1046 2130 1197 2192 castrum
1220 2126 1308 2190 illud
1329 2150 1357 2188 so

77 2236 172 2283 aaa.
192 2219 445 2299 expugnassent
480 2237 585 2279 manu
619 2217 766 2299 potenti.
820 2217 985 2300 Sequenti
1015 2237 1094 2281 vero
1125 2217 1181 2280 die
1211 2216 1309 2279 Lnne

190 2305 347 2369 inmensa
369 2305 552 2369 inundatio
568 2327 733 2388 aquarum
751 2306 959 2389 supervenit,
983 2307 1034 2369 ita
1050 2305 1141 2388 quod
1158 2307 1307 2369 castrum

190 2392 280 2457 illud
315 2414 511 2478 expugnare
546 2395 686 2458 minime
721 2398 920 2479 potuerunt.
974 2394 1042 2459 Sed
1077 2415 1118 2459 ea
1152 2395 1208 2458 die
1238 2393 1309 2457 illis

190 2486 351 2567 guastum
375 2504 538 2567 magnum
563 2489 599 2548 et
621 2484 816 2548 inmensum
839 2484 972 2548 factum
988 2484 1067 2559 fuit,
1093 2484 1185 2566 quod
1206 2502 1309 2567 grave

74 2591 172 2638 nure.
191 2574 280 2637 esset
304 2574 348 2636 ad
367 2567 633 2637 estimandumd.
668 2572 734 2637 Die
750 2573 874 2636 Martis
898 2575 1059 2655 guastum
1082 2573 1215 2635 factum
1239 2593 1308 2635 non
1328 2595 1355 2634 aa

189 2662 268 2738 fuit,
305 2682 368 2726 nec
400 2661 496 2725 locus
531 2665 748 2745 expugnatus
784 2665 925 2745 propter
960 2681 1047 2744 aque
1079 2665 1114 2726 et
1144 2661 1308 2744 temporis

190 2749 455 2831 gravitudinem,
495 2771 561 2832 que
600 2750 655 2814 die
695 2754 730 2813 et
764 2754 866 2814 nocte
899 2751 1016 2814 venire
1048 2772 1117 2814 non
1152 2749 1308 2814 cessavit.

191 2839 318 2904 Verum
343 2860 419 2902 oum
444 2844 582 2922 tempus
606 2861 676 2902 non
700 2839 744 2904 ad
767 2860 936 2916 serenum,
968 2840 1027 2903 sed
1051 2839 1248 2902 nubilosum
1272 2841 1308 2901 et

190 2928 385 3011 pluviosum
415 2931 535 3010 aptum
566 2931 656 2991 esset
686 2931 721 2991 et
745 2929 884 2991 omnino
915 2930 1085 3011 paratum,
1117 2928 1308 2992 deliberato

72 3035 125 3082 aa
136 3035 170 3074 se.
191 3015 362 3093 conscilio,
388 3017 444 3080 die
461 3016 625 3079 Mercurii
648 3037 667 3079 a
689 3016 765 3081 loco
782 3017 824 3080 de
840 3017 917 3080 Ziro
934 3017 1164 3082 discesserunt
1180 3017 1308 3098 absque
1328 3041 1355 3080 so

69 3124 170 3172 aueo.
189 3105 263 3168 ulla
296 3105 426 3169 lesione
461 3109 496 3169 et
530 3106 668 3169 iverunt
704 3104 897 3168 Godanum.
955 3106 1021 3170 Die
1063 3109 1179 3169 autem
1214 3105 1307 3168 Iovis

190 3194 345 3277 proxima
361 3193 608 3277 Complanum⁰
630 3188 882 3269 accesseruntf,
899 3197 1079 3277 acceptum
1096 3195 1306 3270 conscilium,

189 3284 273 3366 quid
304 3304 406 3366 super
436 3284 624 3367 dampnum
653 3284 801 3348 inimicis
832 3283 1073 3348 inferendumg
1099 3286 1213 3347 essent
1239 3284 1307 3346 fac·

189 3374 270 3435 turi.
318 3374 450 3437 Moram
479 3395 560 3438 vero
590 3375 683 3456 apud
715 3372 898 3436 Godanum
932 3373 1111 3447 facientes
1148 3372 1307 3436 dominus

190 3461 397 3526 Chunradus
421 3463 614 3546 Malaspina
645 3483 722 3526 cum
754 3461 890 3526 decenti
920 3462 1061 3525 cohorte
1092 3461 1243 3523 militum
1272 3463 1307 3523 et
1327 3485 1354 3525 rs

189 3551 446 3633 sagittariorum
470 3553 629 3627 intravit;
655 3554 691 3614 et
714 3553 798 3614 tunc
815 3549 1097 3615 dominus-Obizo
1113 3549 1308 3633 Malaspina

189 3660 288 3702 suum
320 3641 508 3704 exercitum
539 3639 720 3723 magnifice
749 3639 991 3722 congregabat,
1023 3642 1164 3722 paratus
1191 3638 1307 3702 venire

74 3747 170 3795 nau.
189 3729 225 3791 in
249 3732 404 3792 nostrum
429 3749 638 3793 succursum.
674 3728 740 3792 Die
764 3748 844 3791 vero
868 3728 1011 3792 Veneris
1036 3729 1128 3812 apud
1153 3727 1306 3810 Burgum

189 3920 212 3972 a)
227 3921 356 3960 existetibus
370 3932 388 3960 c.
430 3919 453 3970 b)
467 3921 495 3968 of.
508 3931 578 3968 supra
590 3931 613 3968 p.
623 3921 657 3968 91,
672 3921 686 3961 l.
696 3919 717 3961 b.
770 3917 854 3962 clKal.
869 3919 1136 3968 suppl.11.-Br.,·cm.e.
1187 3915 1211 3968 d)
1225 3918 1307 3958 emend.

190 3975 281 4022 H.-Br.,·
300 3971 464 4013 destimundum
479 3985 496 4016 c.
557 3973 578 4022 e)
599 3974 723 4021 emendam
738 3973 855 4022 coplanum
870 3983 887 4014 a.
947 3973 965 4019 f)
982 3973 1004 4014 h,
1018 3973 1034 4012 l.
1049 3974 1155 4022 quaedam
1170 3973 1250 4011 cinisca
1264 3981 1308 4010 eene
1326 3967 1354 4005 40

190 4029 300 4076 videmur,-
321 4039 372 4066 nom
393 4031 413 4065 et
432 4027 452 4064 si
472 4028 624 4076 interpretaris
643 4033 735 4075 accepto
754 4026 854 4075 consilio,
876 4027 933 4064 locus
951 4028 1046 4064 nondum
1065 4027 1146 4074 inteper
1160 4035 1204 4064 esse
1218 4026 1308 4066 videar.

189 4083 213 4132 g)
227 4083 307 4120 emend.
323 4082 393 4128 Pali,
413 4078 533 4120 inserendis
548 4091 565 4122 e.

191 4243 217 4310 1)
238 4241 281 4304 Cf.
300 4242 344 4295 (Ν,
363 4241 472 4293 Archiv’
486 4240 565 4305 XVI,
582 4257 610 4307 p.
622 4243 683 4296 292.
756 4243 783 4308 2)
803 4240 864 4294 Scit.
878 4244 1003 4306 potestas.
