3112 4856
265 247 300 302 86
378 241 570 302 IOHANNIS
589 239 836 296 GODAGNELLI
854 239 1035 296 ANNALES
1054 242 1089 296 A.
1104 245 1182 298 1227.
1198 244 1275 298 1228.

169 442 246 495 1227.
266 427 405 510 longam
438 427 608 490 facientes
639 446 779 501 moram,
813 425 902 488 tacti
931 425 1067 509 ingenti
1096 424 1225 502 morbo,
1261 426 1388 508 gravis·

266 516 360 580 simis
390 515 590 598 langoribus
621 517 656 578 et
686 513 948 579 infirmitatibus
978 513 1163 597 perpessr,
1194 514 1388 578 innumera-

158 633 190 682 ,1,
200 632 247 677 aa,
266 604 353 669 biles
373 606 454 668 sunt
469 603 669 686 interempti
687 602 737 667 *et
753 602 891 686 sepulti.
926 602 999 666 Alii
1015 623 1104 679 vero,
1129 603 1189 686 qui
1213 595 1386 678 evasereb,

266 694 423 758 videntes
458 713 493 756 se
527 693 713 755 transitum
748 691 876 756 habere
906 712 976 755 non
1006 711 1104 775 posse
1133 692 1178 755 ad
1212 692 1386 774 propriam

267 786 348 846 sunt
372 782 488 846 conati
511 781 624 846 redire
653 781 812 864 patriam.
859 780 966 844 Pauci
990 780 1079 844 enim
1105 780 1170 843 viri
1193 780 1326 844 nobiles
1350 786 1387 845 et
1409 803 1424 840 s

268 874 425 955 potentes
456 890 534 934 cum
564 870 771 953 imperatore
800 871 1050 934 remanserunt.
1103 869 1203 933 Unde
1233 890 1387 932 summus

266 960 424 1044 pontifex
459 959 645 1043 plurimum
679 959 789 1022 iratus
824 962 860 1022 et
892 959 1028 1040 ingenti
1058 959 1203 1022 tristitia
1232 958 1386 1041 repletus

169 1045 246 1097 1228·
266 1050 415 1132 quadam
439 1048 494 1112 die
519 1048 621 1124 Iovis,
653 1068 718 1130 que
749 1046 877 1111 dicitur
900 1047 1051 1123 sancta¹‚
1083 1068 1198 1111 coram
1226 1048 1387 1111 universa

135 1113 246 1156 'mm‘
266 1141 379 1221 gente,
404 1158 470 1220 que
494 1136 615 1200 limina
638 1136 869 1219 apostolorum
888 1136 984 1200 Petri
1007 1139 1043 1200 et
1058 1136 1159 1199 Pauli
1175 1136 1384 1210 visitaverat,

268 1225 407 1310 publice
430 1226 674 1308 imperatorem
690 1225 997 1290 anathematizavit
1013 1228 1049 1289 et
1065 1225 1384 1290 excommunicavit.
1405 1247 1432 1284 ιο

267 1316 513 1379 Verumtamen
545 1313 662 1378 volens
685 1314 839 1396 nequitie
863 1317 899 1378 et
922 1315 1065 1398 perfidie
1095 1334 1156 1378 sue
1184 1314 1384 1378 satisfacere

265 1405 392 1468 iterato
426 1403 613 1467 terminum
649 1403 680 1466 ei
715 1401 875 1466 dilatavit
886 1404 906 1478 ²,
944 1403 1173 1467 denuntians⁰
1209 1403 1320 1466 eidem
1349 1405 1386 1466 et

266 1492 507 1557 indubitanter
529 1496 772 1574 cognoscens⁰,
797 1492 826 1554 si
850 1493 894 1555 ad
917 1491 1017 1555 illum
1036 1512 1105 1555 non
1121 1491 1386 1555 transmeaverit

266 1582 462 1657 terminum,
495 1601 555 1664 per
584 1581 781 1644 universum
810 1581 992 1663 imperium
1016 1581 1327 1645 excommunicaret
1350 1584 1386 1644 et

266 1671 455 1734 hereticum
480 1670 612 1735 faceret
636 1670 783 1734 eundem
807 1670 983 1734 denotare.
1019 1668 1095 1748 Quo
1113 1669 1262 1733 termino
1276 1672 1386 1732 trans·
1406 1690 1431 1728 1s

267 1763 354 1835 acto,
379 1760 572 1823 iuramento
596 1761 631 1822 et
655 1759 1008 1823 excommunicatione
1024 1763 1149 1842 spreta,
1173 1762 1386 1822 transmeare

266 1839 405 1932 penitus
434 1829 617 1922 recusavit,
653 1848 882 1931 possessiones
915 1851 951 1911 et
978 1848 1055 1911 iura
1085 1850 1204 1912 sancte
1230 1847 1385 1911 Romane

262 1937 410 2002 ecclesie
433 1936 628 2000 omnimode
651 1930 882 2018 iQd‘3·
918 1937 1047 2001 Verum
1070 1936 1125 1999 *ut
1146 1937 1241 1999 iussa
1262 1936 1386 1998 summi
1406 1957 1495 2008 aaa

267 2024 440 2109 pontificis
471 2025 647 2089 videretur
676 2024 765 2088 velle
789 2003 979 2103 observare,
1001 2046 1094 2107 Q
1106 2025 1386 2109 ,alind-hadr&

47 2135 81 2183 re
98 2082 154 2179 M
173 2139 193 2163 =
239 2114 850 2267 *Iipfoo‘rdep-qpaunproierame,
883 2135 961 2178 cum
991 2114 1165 2197 aliquibus
1188 2114 1269 2178 viris
1292 2113 1385 2177 nobi·
1405 2135 1432 2173 m

280 2225 292 2266 1
316 2224 358 2268 us
388 2206 424 2268 et
451 2203 524 2267 fere
555 2224 633 2267 cum
663 2203 691 2265 L
719 2202 828 2286 galeis
856 2204 900 2266 ad
929 2204 1177 2267 transmarinas
1205 2202 1386 2266 festinavit

134 2313 247 2361 aaran).
266 2295 382 2375 partes
405 2293 442 2355 in
465 2291 734 2356 MOOXXVIII.
759 2293 802 2356 de
826 2313 942 2356 mense
966 2293 1079 2356 Innio.
1115 2292 1245 2356 Vidcns
1269 2294 1385 2355 autem

11 2344 62 2382 Α
267 2381 426 2445 dominus
449 2380 659 2465 apostolicus
680 2381 833 2445 eiusdem
850 2402 981 2464 1mpera
998 2381 1067 2445 oris
1083 2381 1220 2445 vicarii⁰
1240 2400 1385 2463 regnum

266 2469 459 2553 Apulorum
482 2473 518 2534 et
534 2470 746 2535 Sciculorum
771 2471 969 2534 obtinentes
993 2470 1036 2534 ab
1059 2469 1199 2554 incepto
1221 2453 1386 2534 desistere

266 2548 434 2636 nolentes,
458 2559 518 2623 sed
542 2559 651 2642 magis
676 2579 715 2623 ac
739 2558 848 2642 magis
871 2559 948 2622 iura
971 2564 1007 2622 et
1023 2558 1251 2643 possessiones
1266 2560 1386 2622 sancte
1405 2580 1433 2619 a

266 2648 419 2712 Romane
452 2635 595 2712 ecclesie
625 2637 868 2751 invadentes&
896 2652 1038 2732 propter
1067 2648 1214 2731 quedam
1244 2646 1385 2711 scelera·

265 2737 399 2800 tissima
422 2739 457 2800 et
479 2737 678 2801 indecentia
701 2740 736 2800 et
759 2737 959 2820 turp1ssima
981 2715 1086 2813 facta,
1111 2757 1177 2820 que
1201 2736 1386 2800 adsummi

266 2825 440 2908 pontificis
462 2825 675 2889 audientiam
701 2825 805 2889 etiam
829 2829 865 2889 et
888 2813 1122 2909 cognitio'nem
1146 2814 1384 2909 pervenerant,

266 3029 289 3081 a)
302 3032 329 3079 cl.
345 3031 382 3074 ¹N.
393 3030 481 3070 Archtr¹
496 3032 559 3081 XVI,
571 3044 595 3082 p.
605 3033 644 3072 289
654 3043 685 3082 aq.
728 3033 751 3081 b)
765 3039 885 3073 evaserunt
899 3035 924 3077 P.
966 3036 987 3080 c)
1001 3032 1159 3074 denuntiantes
1227 3036 1385 3083 cognoscentes

266 3095 291 3133 a,
312 3086 368 3134 quod
387 3085 450 3124 Pera
470 3095 497 3124 ex
517 3086 577 3124 talla
593 3096 668 3135 papae
688 3088 855 3136 transumptum
876 3098 920 3126 esec
940 3089 998 3126 rnalc
1018 3089 1114 3136 coniecit,
1135 3099 1187 3126 nam
1206 3088 1326 3136 ormenae
1343 3098 1386 3126 nom
1404 3087 1432 3126 90

265 3139 352 3187 scripstt
366 3148 499 3187 cognoscere
508 3150 552 3188 pro
566 3138 705 3179 innotescere
720 3144 743 3177 ut
757 3141 906 3189 Godapnettus.
974 3139 998 3189 d)
1011 3139 1142 3181 insedentes
1157 3152 1174 3183 c.
1228 3143 1249 3190 e)
1266 3142 1298 3180 stc
1311 3152 1341 3187 c„·
1362 3145 1386 3180 et

266 3192 319 3240 quia
333 3188 452 3232 videbatur
465 3192 553 3232 domino
567 3203 633 3245 pape,
647 3194 706 3241 quod
720 3195 800 3233 vicarii
814 3195 838 3238 P.

266 3370 293 3435 1)
313 3370 371 3422 Hoc
388 3371 432 3421 die
450 3372 635 3436 imperatorem
653 3374 906 3424 execramur-iratam
930 3388 983 3424 esse
999 3388 1076 3439 papa
1094 3374 1192 3424 itermm
1209 3373 1384 3438 macariana,

264 3443 319 3492 iam
345 3457 370 3495 a.
385 3444 462 3496 1227.
488 3443 558 3510 Sept.
577 3445 621 3497 29.
644 3459 703 3494 eum
728 3445 757 3494 ia
783 3445 1060 3495 accommanieatr'om'a
1083 3445 1239 3496 sententiam
1264 3443 1387 3495 incitatae

264 3515 358 3563 statutt
377 3519 400 3564 et
420 3513 484 3566 Nor.
496 3515 538 3568 18.
557 3529 616 3565 eum
633 3516 888 3565 excmnmum'catum
913 3530 966 3566 asse
978 3515 1084 3581 publica
1096 3516 1302 3580 praearmavit·
1320 3514 1384 3578 ch.

264 3582 333 3649 lmp.
350 3583 381 3647 V,
406 3599 451 3634 nr.
466 3586 561 3638 1710a.
583 3585 686 3646 lant,-
712 3585 840 3650 Greportt
863 3585 974 3650 litterar,
999 3586 1086 3651 Epist.
1106 3586 1150 3639 eal.
1171 3585 1195 3650 I,
1214 3601 1244 3651 p.
1264 3587 1318 3640 288
1334 3600 1383 3652 sq„
1404 3602 1430 3642 aa

264 3668 308 3706 ar.
318 3656 378 3706 371.
440 3655 468 3720 2)
486 3654 607 3719 Minime,
619 3656 776 3707 clamantur·
790 3656 973 3722 Codapacltua
1032 3658 1060 3723 3)
1081 3657 1154 3709 Haec
1166 3659 1257 3708 omnia
1272 3653 1384 3724 (Quo—

265 3721 406 3790 invadens)
427 3731 475 3775 aut
488 3725 664 3791 Codapacltaa
676 3728 732 3794 ipse
744 3729 869 3779 meratitae
881 3734 918 3779 eat
930 3732 978 3778 aut
986 3743 1057 3794 para
1064 3733 1158 3793 postea
1170 3729 1242 3779 diota
1256 3727 1384 3792 Garama,

263 3809 323 3845 eum
340 3811 373 3846 m
392 3797 540 3860 &reportas
557 3797 608 3850 IX.
628 3798 733 3864 quidam
757 3801 794 3862 ia,
813 3799 930 3865 epistolis
954 3800 1012 3849 aaut
1036 3798 1184 3862 fraudibus
1204 3799 1293 3864 pltris
1314 3799 1385 3850 tata

264 3881 383 3932 anquam
407 3872 566 3919 commentas
582 3871 626 3922 sit.
733 3869 762 3936 4)
786 3870 818 3921 Ut
836 3883 984 3934 capreosam,
1010 3885 1061 3936 qao
1086 3871 1164 3922 modo
1185 3885 1248 3922 rara
1266 3869 1314 3922 lroo
1332 3869 1385 3922 loco

264 3934 380 4004 (Videns
393 3966 427 3976 -
440 3937 610 4008 invadentes)
629 3940 745 4006 epistolia
760 3955 849 4007 papae
866 3943 1008 3992 materiam
1022 3941 1212 4006 praebentibus
1229 3943 1259 3993 r'a
1277 3947 1383 3993 eontra·
1402 3959 1430 3997 ro

263 4010 337 4059 riam
362 4023 486 4060 conversa
517 4011 581 4074 sint,
614 4011 685 4075 lepaa
710 4010 906 4077 Wr'alretmaaa,
935 4010 1087 4063 ‘Friedrich
1106 4011 1156 4066 113
1175 4012 1215 4076 11,
1237 4015 1315 4079 ΜΒ
1328 4027 1383 4078 sqq.

264 4077 369 4132 Vicarii
387 4081 560 4146 imperatorie
579 4083 609 4132 im
626 4097 708 4147 rapae
725 4097 777 4134 mm
793 4083 888 4150 pluras
905 4089 992 4148 crant,
1019 4083 1064 4133 aad
1082 4083 1236 4134 Ramaldas
1253 4083 1284 4135 dc
1306 4083 1385 4135 Uera·

263 4150 353 4215 ltmpm
370 4151 452 4218 solue,
472 4154 520 4218 qui
537 4154 702 4218 patrimonii
714 4159 809 4221 partes
833 4155 941 4218 incasit,
962 4161 1151 4220 postquam
1173 4170 1250 4222 papa
1267 4154 1385 4207 tamtam

262 4221 435 4287 imperatoris
452 4224 603 4276 iuramento
621 4224 760 4289 fidelitatis
777 4225 897 4279 absolvit.

1532 789 1539 842 l
