3112 4856
348 319 539 378 IOHANNIS
559 319 806 377 OODAGNELLI
824 319 1006 376 ANNALES
1024 321 1060 378 A.
1075 325 1152 380 1229.
1273 327 1307 380 97

1328 487 1405 542 1229.

186 505 271 570 elati
294 509 330 570 et
353 505 476 571 valde⁸
503 506 648 570 exaltati
677 526 786 589 usque
809 506 854 570 ad
876 506 1000 571 Parme
1024 506 1196 571 carocium
1219 506 1308 571 velo·
1327 557 1412 607 &rt-⁶·

186 595 273 659 citer
287 594 513 672 insultarunt,
537 595 666 660 milites
682 593 806 659 Parme
822 598 858 660 et
873 595 1010 660 Mutine
1024 599 1119 660 retro
1136 596 1307 660 carocium

185 683 411 768 repellentes,
446 687 482 748 et
511 685 641 748 ibidem
671 705 749 748 oum
780 685 975 749 astantibus
1010 685 1101 748 circa
1136 685 1307 749 carocium

186 773 320 836 duriter
349 777 385 836 et
414 773 628 857 iniquissime
658 772 904 857 preliaverunt,
940 773 1043 837 boves
1075 774 1200 837 carocii
1226 775 1307 837 inci·

149 887 163 926 ι
186 863 307 926 dentes
332 864 367 926 et
389 861 502 946 ipsum
527 863 698 926 carocium
721 862 975 945 impugnantes,
1001 863 1156 926 homines
1172 883 1307 946 quoque

185 951 283 1014 iuxta
314 952 486 1015 carocium
516 951 738 1016 vulnerantes
769 955 804 1014 et
834 950 1104 1015 interficientes1
1134 954 1171 1016 et
1193 951 1306 1035 ipsum

186 1040 359 1104 carocium
383 1040 547 1104 atrociter
571 1043 808 1124 expugnantes
831 1059 937 1103 manu
961 1041 1096 1124 potenti
1119 1039 1249 1117 taliter,
1278 1040 1307 1103 si

186 1129 335 1212 populus
358 1129 514 1194 Bononie
545 1150 623 1193 oum
654 1128 824 1193 militibus
855 1128 899 1192 ad
926 1128 1074 1212 prelium
1097 1131 1305 1204 accessisset,

186 1219 358 1282 carosium
381 1217 504 1283 Parme
536 1219 667 1283 victum
698 1217 854 1282 Bononie
885 1217 1149 1302 *perduxissent
1195 1217 1307 1282 Perci-
1327 1242 1412 1289 *resa

140 1333 167 1371 ιο
186 1307 320 1391 pientes
354 1310 471 1370 autem
506 1308 572 1372 viri
606 1309 766 1390 potentes
802 1305 970 1371 (tremone
1008 1307 1099 1371 circa
1133 1307 1306 1371 carocium

185 1399 348 1472 astantes,
379 1395 588 1473 vulneratos,
621 1399 775 1460 mortuos
806 1399 842 1459 et
871 1415 932 1478 per
963 1415 1121 1479 campum
1151 1395 1304 1473 diffusos,

184 1486 275 1549 ictus
306 1485 472 1568 lapidum,
503 1505 588 1569 quos
618 1483 831 1568 mangenelli
861 1504 964 1567 super
987 1486 1091 1548 carris
1116 1485 1306 1549 constructi

184 1574 409 1659 proiciebant,
446 1594 663 1657 nequaquam
698 1573 852 1646 sufferre,
889 1573 1074 1637 coadunati
1105 1578 1140 1637 et
1170 1574 1306 1657 ingenti

184 1663 288 1727 turba
310 1661 461 1725 militum
486 1665 522 1726 et
538 1662 694 1746 peditum
710 1662 878 1746 impetum
895 1681 998 1745 super
1011 1662 1087 1745 ipsa
1102 1661 1307 1746 plaustrella

140 1776 166 1816 ιι
184 1752 362 1830 facientes,
386 1752 462 1835 ipsa
477 1751 634 1835 plaustra
650 1754 686 1816 et
701 1750 938 1834 manganellos
962 1752 1100 1833 penitus
1125 1751 1307 1814 diruerunt

185 1845 221 1904 et
249 1841 324 1925 ipsa
354 1840 510 1924 plaustra
540 1860 619 1904 cum
650 1841 759 1904 bobus
791 1843 826 1904 et
856 1839 1084 1922 mangenellis
1114 1840 1158 1904 ad
1188 1859 1305 1904 eorum

184 1933 297 1994 castra
319 1930 455 2014 ingenti
478 1930 593 1994 letitia
617 1929 801 1994 duxerunt.
848 1928 949 1993 Unde
973 1929 1209 1993 Bononienses
1233 1929 1305 2012 pln-

182 2021 308 2082 rimum
331 2022 414 2082 sunt
435 2019 580 2094 turbati,
611 2018 665 2081 ira
693 2021 729 2083 et
753 2017 870 2082 dolore
893 2016 994 2081 valde
1019 2019 1191 2082 commoti.
1238 2018 1304 2082 His

183 2109 234 2171 ita
257 2109 363 2191 gestis
387 2109 494 2172 acties
518 2107 668 2171 militum
693 2107 848 2172 Bononie
871 2107 1024 2189 undique
1049 2108 1244 2170 coadunata
1266 2107 1304 2169 in

138 2221 164 2259 so
182 2197 358 2279 hequenti
370 2198 474 2261 turba
485 2195 637 2259 militum
649 2196 888 2260 Parmensium
904 2199 940 2259 et
951 2195 1202 2259 Mutinensium
1215 2194 1304 2260 velo-

183 2286 318 2349 cissime
342 2289 600 2360 concurrerunt,
625 2287 661 2348 et
685 2305 763 2348 eum
782 2284 866 2368 ipsis
882 2284 1080 2368 gravissime
1096 2286 1302 2368 pugnantes,

182 2374 274 2458 ipsos
290 2394 425 2456 quoque
441 2372 673 2449 vulnerantes,
695 2373 891 2436 occidentes
912 2376 948 2436 et
964 2372 1026 2436 sub
1043 2373 1188 2456 pedibus
1205 2393 1304 2456 equo·

136 2541 138 2546 Ι
181 2483 260 2525 rum
280 2463 497 2546 proicientes,
515 2460 803 2526 Cremonensibus
823 2465 859 2525 et
873 2461 1117 2525 Parmensibus
1132 2461 1205 2525 alta
1220 2482 1303 2527 voce

182 2551 336 2635 requiem
359 2551 559 2635 petentibus
583 2571 690 2632 usque
714 2549 759 2613 ad
783 2550 911 2628 diem²;
937 2551 1076 2613 duravit
1099 2551 1191 2614 enim
1213 2550 1302 2613 illud

138 2662 165 2702 ss
183 2639 332 2725 prelium
355 2660 463 2722 usque
487 2640 531 2703 ad
555 2639 704 2704 mediam
727 2642 875 2703 noctem.
911 2639 1040 2703 Verum
1056 2640 1137 2722 quia
1156 2643 1303 2722 utraque

183 2749 262 2814 pars
291 2729 398 2792 nimio
429 2728 546 2793 labore
582 2731 657 2793 erat
690 2728 850 2812 fatigata,
885 2727 1080 2792 voluntarie
1115 2728 1159 2791 ad
1190 2730 1303 2792 castra

182 2817 321 2902 propria
354 2819 530 2882 remeavit.
585 2816 677 2896 Quid
711 2817 884 2882 referam?
936 2816 1043 2880 Multi
1077 2817 1120 2881 ab
1155 2820 1302 2900 utraque

181 2911 280 2991 parte
310 2911 391 2970 sunt
422 2907 515 2990 capti
540 2911 576 2972 et
597 2908 736 2980 retenti,
767 2908 1004 2971 verumtamen
1035 2926 1076 2969 ex
1104 2909 1201 2990 parte
1226 2904 1303 2970 Ore·

182 2996 407 3073 monensium,
436 2996 675 3061 Parmensium
699 3001 734 3060 et
758 2996 1009 3060 Mutinensium
1032 2995 1302 3060 innumerabiles

137 3109 164 3147 so
182 3084 307 3167 gladiis
330 3089 367 3149 et
389 3086 516 3169 partim
539 3086 613 3149 ictu
637 3084 793 3169 lapidum
816 3089 898 3148 sunt
919 3084 1107 3162 interfecti,
1140 3089 1175 3149 et
1198 3105 1301 3167 quam

182 3173 299 3256 plures
322 3174 428 3236 vitam
454 3194 570 3238 eorum
595 3173 659 3237 sub
683 3174 829 3258 pedibus
845 3195 1009 3256 equorum
1026 3177 1269 3238 consumantes
1279 3175 1300 3235 ³.

182 3261 289 3326 Velut
312 3265 428 3324 autem
452 3262 764 3326 aBononiensibus
788 3263 978 3339 dicebatur,
1004 3262 1046 3325 de
1070 3283 1188 3326 eorum
1212 3283 1302 3326 exer·

182 3350 256 3414 citu
278 3349 396 3412 nullus
418 3351 585 3414 remansit
608 3350 847 3414 interfectum.
892 3350 1160 3432 Requiescentes
1184 3355 1301 3414 autem

181 3488 204 3539 a)
217 3487 278 3527 ualse
292 3497 311 3526 c.

136 3605 163 3645 ab
183 3596 209 3662 1)
227 3594 316 3662 Epist.
329 3594 538 3645 Bononienaium
555 3593 573 3647 l.
587 3593 620 3647 L:
638 3591 725 3644 nostri
743 3594 814 3644 tam
832 3591 978 3660 pedites
996 3609 1077 3660 quam
1096 3592 1197 3647 milites
1214 3610 1301 3660 usque

181 3665 216 3717 ad
240 3663 388 3718 Parmense
418 3663 556 3716 carocium
580 3668 765 3731 pervenerunt
789 3679 852 3716 eum
876 3664 981 3732 impetu
1006 3663 1127 3716 violento
1160 3667 1189 3718 et
1217 3665 1301 3718 boves

181 3736 253 3804 ipsos
276 3735 468 3788 sauciaverunt
492 3734 610 3801 ensibus,
636 3737 664 3787 ct
689 3732 756 3786 dum
773 3734 832 3787 vias
857 3734 949 3804 gladio
968 3734 1057 3787 ultore
1076 3733 1237 3789 dirimerent
1254 3736 1300 3806 (l),

180 3810 224 3859 tot
248 3823 282 3860 ex
306 3806 430 3858 hostibus
455 3804 639 3874 trucidabant,
667 3804 741 3872 quod
766 3822 816 3873 pre
845 3805 930 3858 nimia
955 3809 1045 3872 strage
1069 3823 1100 3859 ac
1124 3807 1300 3860 multitudine

180 3877 334 3931 occisorum
358 3877 404 3930 via
428 3875 545 3930 incessui
569 3875 615 3930 vix
641 3876 762 3944 patebat.
852 3879 881 3944 2)
901 3877 988 3945 Epist.
1008 3878 1217 3931 Bononieneium
1237 3886 1300 3945 post

134 3967 162 4006 40
178 3946 1299 4074 {ianmniba(bunt-reinbaldilbviildsiissilirigpwbstisilbbfbbitepteribstffsbgrrdmcdib

180 4108 266 4158 usque
285 4091 320 4144 ad
338 4037 426 4144 noblis
444 4037 567 4144 mediuin
592 4090 724 4143 acerrime
748 4036 931 4157 bellijissent,
957 4060 996 4144 ab²
1017 4107 1157 4143 armorum
1182 4090 1298 4158 strepitu

180 4162 344 4230 quievenmt
369 4162 404 4215 ad
429 4161 548 4215 tentoria
573 4161 734 4230 redeuntes3
759 4163 794 4226 cf.
814 4163 885 4216 Ana.
904 4163 996 4216 Pam.
1022 4165 1086 4216 mai.
1106 4168 1129 4214 et
1151 4163 1299 4214 Tolosanue

180 4235 197 4288 l.
209 4235 226 4288 l.
281 4235 310 4300 3)
326 4233 368 4298 Cf.
380 4235 423 4292 ιΝ,
433 4233 542 4285 Archiv’
550 4233 629 4299 XVI,
638 4250 668 4300 p.
676 4235 737 4288 262.
791 4233 819 4301 4)
831 4233 889 4288 Alo.
899 4233 1001 4285 Milioli
1008 4233 1025 4288 l.
1034 4234 1067 4287 l:
1080 4235 1107 4285 et
1116 4231 1169 4284 fuit
1177 4233 1298 4286 maxima

135 4321 162 4360 st
179 4304 333 4358 mortalitas
350 4303 501 4372 hominum,
519 4303 645 4374 peditum
664 4307 692 4357 et
709 4302 838 4370 militum,
856 4320 891 4357 ex
908 4307 987 4372 parte
1005 4302 1228 4360 Bononiensium.

16 4355 18 4384 l

16 4399 21 4431 l

233 4409 390 4461 Oodsgnellus.
1049 4413 1065 4466 7
