3118 4840
193 313 266 368 XIV
636 311 866 368 PRAEFATIO.

305 493 384 560 (lum
404 493 612 577 Oodapncllus
627 500 735 560 tantas
748 494 879 574 fabulas
901 496 939 560 de
961 495 1103 578 antiquis
1120 495 1311 560 Lombardis

194 591 382 649 commentus
404 583 454 665 sit,
479 605 548 648 curn
576 582 673 648 Gesta
695 583 860 649 Friderici
879 584 909 648 Ι.
933 583 1136 666 imperatoris
1157 583 1194 648 in
1216 585 1308 648 Lorn-

194 672 310 738 bardia
334 672 439 737 odioso
462 678 554 753 atque
568 671 714 737 mendaci
737 671 846 738 animo
868 673 1104 754 adulteraverit,
1128 694 1198 738 eum
1214 671 1309 737 etiam

193 761 231 826 in
253 761 438 827 Annalibus
460 759 659 826 Placentinis
688 781 780 841 saepe
809 783 831 826 a
858 761 989 826 veritate
1018 761 1192 843 deflexisse,
1220 760 1310 840 falsa

187 870 251 932 pro
272 849 357 914 veris
379 849 543 931 scripsisse
565 849 647 914 iusto
669 849 739 914 iure
762 849 881 930 aliatus
900 849 1123 932 suspicaretur.
1163 850 1214 915 Ac
1231 871 1309 915 sane

193 945 259 1004 tam
281 937 426 1019 fervidus
448 959 524 1003 suae
540 937 650 1019 partis
672 943 805 1003 sectator
826 938 893 1018 fuit
912 937 1128 1021 Codapnellus,
1152 945 1187 1003 ut
1209 939 1310 1004 bostes

193 1027 453 1092 Placentinorum
480 1025 704 1093 Orenvonenses
732 1033 761 1092 et
782 1026 958 1109 Papicnses
986 1027 1072 1093 viros
1094 1029 1237 1110 persidos
1263 1028 1309 1091 di-

193 1123 282 1197 ceret,
313 1115 483 1181 Friderico
506 1115 558 1196 II,
589 1117 721 1180 necdum
750 1116 832 1180 bosti
854 1116 1123 1198 Placentinorum,
1156 1117 1212 1182 sed
1237 1117 1309 1182 Ore-

193 1204 394 1269 monensibus
414 1203 563 1287 propitio,
587 1204 743 1270 multoties
764 1204 974 1286 malediceret,
999 1205 1184 1287 Pbilippnm
1206 1227 1308 1288 repom

193 1293 275 1358 insto
298 1293 363 1358 Dei
385 1292 505 1358 iudicio
528 1315 549 1357 a
566 1292 714 1374 palatino
737 1295 775 1358 de
796 1293 999 1360 Wittelsbacb
1021 1293 1221 1374 interfectum
1243 1315 1308 1359 esse

192 1381 349 1463 scriberet,
374 1381 596 1447 Innocentium
612 1382 687 1446 ΙΙΙ.
705 1403 836 1464 papam,
864 1382 919 1464 qui
941 1389 1068 1464 partem
1096 1381 1219 1448 Ottonis
1241 1383 1307 1447 IV.
1348 1389 1350 1394 ’

192 1471 278 1552 repis
287 1469 662 1552 relianisset,anilcppo
669 1470 809 1552 pecunia
818 1478 997 1554 corruptum
1009 1492 1073 1536 esse
1083 1472 1307 1537 contenderet1.

194 1560 232 1624 Is
246 1580 324 1623 sane
339 1560 428 1624 bomo
443 1559 550 1639 facere
565 1580 630 1623 non
640 1559 753 1640 potuit,
769 1559 847 1641 quin
863 1581 901 1624 ea
916 1581 996 1642 quae
1012 1559 1310 1625 Mediolanensibus

193 1653 223 1712 et
245 1647 446 1713 Placentinis
478 1647 515 1712 in
549 1647 637 1713 bellis
659 1648 913 1713 Lombardorum
941 1669 1093 1730 prospere
1127 1649 1310 1714 eveniebant

193 1735 230 1801 in
252 1736 358 1800 maius
380 1737 544 1818 adtolleret,
575 1757 721 1800 numeros
750 1743 912 1818 captorum
935 1743 1028 1819 atque
1050 1736 1222 1803 occisorum
1244 1737 1308 1801 onl-

193 1831 435 1906 neratorumquc
458 1823 593 1890 bostium
615 1825 847 1907 multiplicaret,
878 1847 932 1891 eas
954 1847 1014 1907 res,
1045 1846 1125 1907 quas
1154 1825 1205 1890 illi
1226 1826 1308 1890 male

190 1920 363 1995 cesserunt,
383 1919 440 1978 ant
453 1913 578 1979 silentio
590 1913 783 1995 praeteriret
796 1921 854 1979 aut
866 1913 1040 1979 involucris
1055 1915 1172 1978 velaret
1186 1919 1308 1996 teperet·

193 2022 265 2083 qne,
295 2009 331 2067 ut
360 2023 515 2083 nusquam
542 2003 611 2082 fere
640 2003 696 2066 bos
724 2002 822 2068 victos
847 2025 912 2068 esse
941 2037 984 2048 -
1012 2005 1095 2084 qnod
1122 2003 1211 2067 baud
1231 2024 1308 2067 raro

194 2090 311 2156 acndit
329 2126 370 2134 —
390 2093 574 2157 concederet.
615 2091 679 2156 Sed
699 2091 759 2157 boc
781 2092 818 2156 in
841 2113 876 2156 re
897 2091 1008 2171 facilis
1030 2091 1060 2156 ei
1081 2090 1177 2157 venia
1198 2092 1308 2156 danda

193 2185 247 2262 est,
267 2200 352 2262 nam
368 2186 404 2245 ut
417 2179 683 2263 Boncamcapnus
697 2180 774 2262 aitl,
792 2202 908 2246 omnes
925 2183 1015 2246 cives
1027 2181 1144 2245 Ytalie
1160 2202 1221 2266 pro
1237 2181 1307 2245 suis

194 2269 394 2334 civitatibus
416 2270 454 2332 in
477 2272 624 2335 maximo
643 2271 825 2335 verborum
847 2271 942 2334 fastu
966 2271 1155 2354 loquuntur
1179 2274 1214 2335 et
1234 2273 1307 2334 ‘vam

194 2359 238 2423 do
262 2379 297 2423 so
321 2379 423 2442 quam
447 2359 489 2424 de
513 2359 589 2424 aliis
613 2360 927 2425 commendationes
942 2361 1078 2425 faciunt
1099 2359 1307 2444 ampullosas

194 2449 231 2511 eb
255 2469 275 2510 a
297 2449 443 2512 veritate
473 2456 632 2513 remotos.
678 2448 728 2513 Ac
754 2469 865 2513 revera
899 2468 1004 2513 omnes
1037 2448 1104 2527 fere
1139 2447 1308 2512 annalium

193 2534 362 2616 scriptores
379 2535 491 2600 Italici
512 2535 602 2601 illius
624 2535 770 2619 temporis
791 2536 876 2601 idem
897 2537 965 2617 fere
987 2537 1159 2617 feceruntss,
1183 2535 1309 2601 etiamsi

193 2644 260 2688 non
304 2630 393 2689 tanta
436 2623 491 2689 ira
535 2631 679 2707 tantoque
716 2625 820 2690 studio
861 2646 913 2690 res
948 2630 1053 2707 postas
1089 2623 1308 2689 narraverint.

195 2711 350 2777 Scientem
372 2719 401 2777 et
424 2714 612 2793 prudentem
640 2712 863 2796 Uodapnellum
886 2736 907 2779 a
929 2712 1061 2777 veritate
1082 2711 1248 2790 deflevisse
1270 2710 1307 2775 in

194 2800 378 2866 Annalibus
400 2802 608 2884 Placentinis,
639 2802 668 2866 si
697 2802 817 2884 enupis
846 2803 946 2866 locum
968 2801 1036 2866 iam
1059 2799 1176 2864 dictum
1198 2801 1236 2863 de
1258 2819 1307 2863 evc-

194 2889 475 2956 communicatione
497 2890 663 2955 Friderici
684 2891 737 2954 II.
761 2889 964 2974 imperatoris
995 2886 1037 2970 (p.
1055 2893 1096 2950 84
1112 2889 1206 2970 squ),
1236 2909 1307 2951 nus-

192 2999 289 3059 quam
307 2979 452 3061 reperies,
476 2981 532 3045 scd
552 3001 633 3062 quae
654 2979 758 3044 studio
774 2979 884 3060 partis
905 2999 982 3043 suae
1005 2983 1148 3042 coecatus
1170 2975 1306 3057 scripsit,

193 3073 283 3132 cante
305 3074 397 3148 atque
419 3067 617 3134 coactissimo
640 3067 760 3132 iudicio
783 3065 992 3133 examinabis.

300 3157 486 3221 Eutremam
513 3163 640 3238 partem
673 3156 854 3221 Annalium
886 3154 1031 3220 mutilam
1064 3175 1129 3218 esse
1164 3160 1306 3236 apparet,

192 3244 340 3310 narratis
369 3245 454 3310 enirn
480 3247 573 3310 rebus
595 3250 794 3310 ann01232.
819 3265 923 3310 mense
941 3242 1067 3308 Martio
1088 3241 1184 3325 pestis
1205 3243 1306 3308 subito

193 3335 239 3398 ad
260 3356 314 3400 eas
335 3334 452 3399 mensis
475 3333 568 3398 Iunii
591 3333 807 3414 transsiliunt,
831 3333 919 3414 inde,
950 3333 1036 3397 nullo
1066 3330 1148 3396 anni
1177 3352 1307 3396 numero

200 3511 408 3593 Codapnellus
421 3518 522 3576 motus
536 3532 575 3576 ac
587 3532 717 3593 pnpnas
738 3511 823 3575 inter
832 3511 983 3592 populum
1001 3516 1030 3574 et
1046 3507 1162 3574 milites
1176 3508 1307 3574 Placen-

195 3599 286 3680 tinos,
297 3599 548 3681 militumpartis
560 3599 722 3679 Gnelficoe
732 3597 989 3679 studiosissimus,
1006 3597 1122 3678 retulit,
1138 3599 1222 3662 unde
1233 3596 1307 3677 [ieri

186 3687 302 3770 potuit,
325 3694 360 3752 ut
374 3687 493 3768 aliquis
511 3687 644 3754 alterius
660 3687 769 3769 partis
784 3687 931 3752 deleverit
952 3708 1032 3769 quae
1054 3685 1117 3752 sibi
1132 3683 1307 3767 displicuis-

194 3782 270 3840 sent.
317 3777 382 3842 Sed
402 3777 538 3856 fortasse
566 3775 774 3858 Oodapnellus
796 3798 834 3842 ea
856 3797 937 3859 quae
966 3777 1003 3841 de
1032 3777 1124 3840 rebus
1153 3797 1183 3840 a.
1210 3779 1305 3838 1232.

193 3422 385 3504 interposito,
404 3429 577 3505 sequuntur
595 3443 675 3504 quae
693 3428 888 3487 ann01234.
909 3427 980 3486 acta
995 3427 1077 3485 sunt.
1120 3420 1196 3485 Hac
1212 3427 1307 3502 parte

196 4005 221 4071 1)
238 4003 269 4054 Ρ.
282 4005 317 4058 32
328 4019 367 4070 sq.
438 4004 467 4072 2)
488 4003 540 4057 Ed,
559 4003 754 4069 Wlnlsclmann,
775 4003 903 4072 ‘Philipp'
917 4020 948 4071 p.
962 4004 1023 4067 547,
1041 4018 1085 4056 nr.
1098 4004 1123 4058 ὃ.
1202 4001 1230 4068 3)
1257 3999 1307 4052 Sul

194 4075 312 4140 enmpere
336 4073 409 4126 debes
433 4079 565 4127 auctorem
583 4075 732 4127 Annalium
749 4075 966 4128 Placentinorum
991 4073 1192 4139 Glbelltnornm,
1218 4073 1307 4122 virum

193 4147 302 4212 luctum,
322 4147 419 4210 mitem,
438 4147 558 4198 ueritatis
576 4152 717 4198 amantem.
760 4147 842 4198 Valde
866 4149 961 4212 miror,
988 4145 1058 4211 quod
1083 4144 1215 4210 bucusque
1232 4157 1307 4194 nemo

10 4229 12 4236 ’
187 4218 358 4286 perspexerit
384 4217 454 4268 burn
479 4218 569 4269 uirum
599 4218 685 4282 fnisse
711 4217 963 4282 familiarissimum
992 4217 1115 4267 Ubsrtlno
1149 4214 1180 4265 de
1206 4213 1307 4266 Audito

190 4289 283 4339 comiti
298 4288 329 4340 dc
346 4288 450 4356 Laudo,
468 4289 544 4342 cutus
560 4291 760 4342 commentarios
776 4288 834 4353 fere
852 4288 921 4341 ollem
938 4287 969 4339 de
986 4287 1029 4340 dte
1045 4287 1192 4353 scripserit.
