3118 4840
210 297 246 350 ss
376 255 566 346 romanis
586 290 832 346 consensum
850 290 1032 346 Arsanus
1050 291 1086 346 n.
1101 292 1178 347 1216.

91 457 189 575 Affi·
209 477 379 553 veniente,
404 476 445 539 V.
470 475 548 538 Kal.
581 475 791 558 Septembris
827 474 950 538 armati
986 477 1021 538 et
1055 473 1216 538 asclerati
1251 493 1327 536 cunr

142 558 147 570 ’
183 556 345 629 'cariolis
375 567 411 629 et
441 585 517 627 cnm
550 564 708 627 universo
739 564 892 628 exercitu
923 564 1070 646 desuper
1093 561 1329 626 Florenzolam

209 675 270 738 per
285 655 392 737 ipsius
409 654 476 717 loci
492 673 712 737 campaneam
730 656 922 736 pergentes,
940 651 1078 715 Clozam
1095 655 1130 716 et
1143 649 1330 714 Clavenam

210 745 431 806 transeuntes
461 746 496 806 et
527 742 760 826 explanantes,
792 741 911 804 villam
937 741 1096 805 Ursaorie
1126 743 1161 804 et
1192 738 1330 803 Ceriani

210 835 314 913 atque
349 830 535 915 Carpeneti
573 834 609 894 et
642 830 839 894 Placentini
876 833 981 912 atque
1015 829 1219 893 Trabaciani
1254 845 1367 892 con-s

93 943 191 992 rese.
211 920 386 997 buserunl,
418 924 453 984 et
483 919 538 984 die
566 919 664 983 Lune
693 919 786 982 inter
816 917 1048 1002 Carpanetum
1080 922 1116 983 et
1146 916 1330 981 Uerianum

69 1033 191 1083 nara).
209 1010 353 1072 fuerunt
384 1009 653 1073 castramentati.
706 1007 773 1071 Die
803 1007 923 1072 Lune¹
952 1009 1110 1089 sequenti
1140 1005 1265 1068 armati
1295 1011 1330 1069 et

211 1098 370 1162 asolerati
400 1119 476 1162 cum
508 1097 644 1161 oariolis
675 1100 711 1161 et
741 1117 819 1160 cum
849 1097 1009 1160 universo
1037 1095 1190 1160 exercitu
1213 1114 1330 1158 versus

211 1187 482 1251 Pontenuriuma
502 1186 678 1250 venientes
701 1185 820 1249 villam
837 1184 1047 1249 Montenarii
1070 1188 1106 1248 et
1123 1185 1204 1248 Zeni
1226 1186 1329 1265 atque

210 1275 365 1339 Psderne
390 1279 425 1338 et
448 1274 630 1338 Albonasii
652 1275 732 1356 igne
757 1276 1005 1346 cremaverunt,
1036 1277 1071 1336 et
1095 1293 1136 1337 ea
1159 1273 1215 1336 die
1238 1273 1329 1335 inter
1350 1291 1377 1329 10

210 1363 460 1428 Pontenurium
486 1366 521 1427 et
545 1362 761 1426 Ossam-Dei
791 1362 889 1425 iuxta
912 1365 1056 1425 stratam
1079 1361 1244 1425 Romeam
1268 1380 1329 1424 sua

210 1453 314 1516 fixere
337 1453 498 1516 tentoria.
544 1452 742 1516 Placentini
766 1455 882 1516 autem
914 1450 1042 1515 milites
1073 1454 1109 1514 et
1131 1450 1265 1533 pedites
1289 1468 1330 1512 ea

211 1541 266 1604 die
291 1561 423 1604 summo
447 1561 547 1605 mane
569 1561 678 1623 usque
703 1541 747 1604 sd
769 1533 947 1604 Montaleb
969 1539 1166 1622 equitavere
1189 1538 1330 1602 ibidem-

210 1650 276 1712 que
305 1650 413 1712 usque
443 1631 487 1693 ad
519 1631 638 1693 horam
668 1650 758 1693 none
789 1650 917 1692 moram
947 1628 1116 1693 fecerunt.
1164 1626 1330 1690 Videntes

210 1719 350 1782 interim
385 1719 536 1782 eiusdem
577 1719 751 1782 civitatis2
788 1720 938 1782 rectores
977 1717 1091 1781 locum
1125 1715 1329 1780 Pontenurii
1349 1734 1376 1774 15

211 1807 350 1871 minime
385 1808 571 1872 defendere
606 1826 714 1889 posse,
754 1808 798 1870 ad
834 1806 934 1869 illum
973 1806 1176 1870 accedentes
1214 1804 1328 1867 locum

210 1896 339 1960 milites
363 1900 399 1959 et
422 1896 556 1979 pedites
580 1914 708 1972 omnes,
740 1895 799 1978 qui
829 1915 891 1977 pro
914 1895 1022 1978 ipsius
1046 1894 1113 1958 loci
1136 1893 1329 1956 munitione

210 1985 247 2046 in
269 1985 344 2068 ipso
367 1985 591 2060 intraverant,
617 1984 659 2048 de
684 2004 723 2048 eo
747 1984 955 2067 expulerunt
975 1983 1061 2047 loco.
1097 1981 1330 2064 Percipientes

210 2093 290 2137 vero
313 2073 366 2135 illi
400 2074 442 2137 de
467 2072 772 2155 Castro-Arquato
803 2075 839 2136 et
869 2073 1025 2156 sagitarii
1047 2071 1148 2136 vallis
1171 2070 1264 2134 Tarii
1294 2073 1330 2133 et

211 2162 293 2226 Zeni
316 2161 430 2226 locum
454 2162 658 2226 Pontenurii
691 2162 767 2225 fore
798 2161 1010 2234 derelictum,
1047 2161 1083 2222 in
1117 2160 1192 2242 ipso
1226 2160 1330 2221 intra·
1348 2179 1377 2217 ro

210 2253 335 2314 verunt
351 2251 436 2314 loco.
473 2251 639 2315 Similiter
655 2271 758 2333 quam
775 2250 891 2335 plures
907 2254 1022 2314 nostre
1034 2249 1185 2313 civitatis
1201 2247 1330 2311 milites

211 2343 246 2404 et
278 2341 411 2423 pedites
441 2361 517 2404 cum
549 2339 618 2403 illis
649 2340 693 2402 sd
723 2340 821 2403 illum
854 2341 1072 2403 accesserunt
1102 2337 1226 2414 locum,
1263 2357 1330 2400 cre-

211 2428 331 2492 dentes
361 2433 397 2493 et
427 2433 603 2514 sperantes
634 2429 766 2492 dictum
797 2428 911 2492 locum
942 2427 985 2491 ab
1014 2427 1162 2490 inimicis
1193 2425 1330 2508 egregie

210 2538 309 2600 posse
331 2519 433 2582 tueri.
472 2517 518 2581 Et
540 2519 591 2581 ita
613 2538 721 2601 usque
738 2519 783 2581 ad
798 2519 919 2580 horam
935 2536 1024 2580 none
1040 2516 1133 2600 apud
1148 2506 1325 2578 Montaleb

108 2633 138 2678 π,
175 2643 191 2678 0,
211 2607 475 2690 *permanentes
511 2607 640 2683 audito,
676 2606 767 2688 quod
798 2604 1072 2669 Mediolanenses
1106 2605 1143 2666 in
1176 2606 1330 2666 nostram
1348 2622 1377 2662 rs

211 2696 388 2759 civitatem
416 2697 452 2758 in
481 2695 609 2759 auxilio
640 2697 758 2758 nostro
783 2695 945 2758 accedere
968 2693 1185 2769 festinantes,
1210 2691 1324 2754 illico⁰

211 2784 388 2848 Placentie
412 2784 538 2846 militia
560 2803 677 2848 versus
701 2783 952 2847 Pontenurium
979 2783 1046 2846 iter
1069 2803 1169 2845 suum
1193 2780 1328 2844 direxit.

213 2872 297 2937 Oum
323 2875 438 2937 autem
463 2872 607 2935 Nuriam
631 2873 729 2934 iuxta
752 2871 931 2935 ecclesiam
962 2873 997 2934 et
1025 2891 1132 2953 usque
1157 2870 1201 2933 ad
1225 2872 1330 2951 caput

211 2961 312 3045 burgi
336 2960 532 3025 Placentini
561 2959 689 3024 milites
720 2960 1047 3044 appropinquarent,
1078 2959 1235 3022 videntes
1268 2977 1330 3041 per

211 3049 462 3114 Pontenurium
487 3048 733 3113 Cremonenses
764 3049 807 3112 ab
838 3051 985 3130 utraque
1008 3048 1116 3131 ipsius
1139 3047 1207 3111 loci
1230 3052 1329 3129 parte
1349 3067 1376 3108 so

211 3141 302 3222 ipsos
325 3140 384 3220 qui
407 3139 534 3222 inipso
550 3139 695 3202 aderant
711 3137 787 3202 loco
803 3140 839 3202 et
855 3137 1029 3221 capientes
1046 3141 1081 3201 et
1097 3133 1330 3219 percutientes

211 3231 246 3291 et
280 3227 512 3302 vulnerantes,
552 3222 609 3290 etsl
642 3227 698 3289 vix
733 3226 843 3310 captis
879 3226 982 3290 armis
1019 3225 1189 3289 insultum
1228 3244 1330 3307 super

210 3320 345 3380 nostros
367 3316 543 3392 fecerunt;
569 3318 605 3380 et
627 3316 720 3380 tubis
744 3336 805 3399 per
828 3318 943 3399 partes
963 3315 1165 3378 sonantibus
1181 3313 1329 3397 prelium

210 3406 385 3490 incipitur,
422 3408 457 3468 et
491 3405 598 3468 tensis
640 3405 764 3487 aquilis
801 3404 843 3468 ab
874 3403 1029 3486 utrisque
1060 3406 1229 3467 certatum
1266 3404 1328 3466 est.

210 3494 342 3558 Milites
366 3513 499 3576 quoque
517 3493 683 3558 Oremone
707 3495 742 3557 et
757 3492 880 3557 Parme
903 3492 1172 3557 innumerabiles
1194 3492 1231 3554 in
1254 3491 1329 3574 ipso
1347 3511 1373 3551 as

210 3583 320 3666 prelio
336 3583 480 3646 fuerunt
496 3583 677 3659 vulnerati,
703 3585 739 3645 et
754 3602 857 3664 quam
876 3581 991 3665 plures
1008 3580 1051 3645 ab
1068 3583 1215 3663 utraque
1230 3581 1328 3662 parte

210 3671 404 3748 interfecti;
443 3672 628 3735 destrarios
658 3690 794 3753 quoque
823 3669 981 3733 infinito⁰
1016 3689 1158 3733 numero
1188 3668 1225 3730 in
1254 3669 1328 3751 ipso

210 3864 232 3910 a)
246 3863 369 3911 emendam
383 3861 508 3912 ponterium
523 3872 540 3903 c.
582 3859 604 3911 b)
618 3861 765 3900 emendasset
778 3861 842 3907 infra
850 3861 918 3910 2⁶9,
934 3861 948 3902 l.
958 3860 979 3900 8.
990 3862 1027 3910 10;
1041 3860 1134 3900 mortale
1148 3870 1166 3899 c.
1214 3857 1236 3910 c)
1249 3858 1329 3900 emend.

209 3916 301 3966 H.·Br.,·
314 3917 360 3955 illic
375 3926 392 3958 o,
445 3912 469 3963 d)
482 3921 506 3955 et
519 3915 631 3954 dolendum
645 3915 735 3956 ridetur.
790 3913 813 3965 e)
827 3914 951 3963 Μανῆ
970 3913 1021 3954 inco
1035 3924 1064 3964 r.;
1084 3914 1106 3952 in
1120 3917 1181 3953 corto
1197 3912 1276 3956 lL-Br.

212 4058 238 4125 1)
259 4059 311 4110 Die
323 4056 421 4109 Martis
442 4057 615 4122 Codaynellus
628 4056 728 4123 procul
744 4055 824 4107 dubio
842 4055 955 4108 scribere
973 4056 1063 4120 voluit,
1085 4057 1150 4121 quia
1166 4055 1222 4106 dies
1234 4054 1329 4105 Manae
1347 4062 1374 4100 ιο

210 4133 266 4181 iam
280 4130 424 4196 praecedit,
444 4135 467 4180 et
485 4130 528 4180 die
545 4130 616 4194 Aug.
629 4131 671 4182 30.
691 4130 829 4194 sequentia
845 4128 921 4191 farta
939 4143 993 4180 esse
1009 4128 1134 4192 referunt
1145 4126 1217 4180 Ana.
1235 4125 1328 4177 Parm.

209 4203 273 4254 mai.
289 4216 319 4266 p.
332 4202 393 4267 666,
413 4202 462 4266 qai
478 4217 536 4252 cam
552 4199 662 4250 Sicardi
673 4198 745 4252 Cerri.
765 4201 821 4250 iam
839 4199 881 4250 die
892 4200 964 4265 Aup.
976 4200 1019 4252 29.
1037 4197 1204 4249 Placentinos
1221 4197 1329 4262 separes

210 4287 263 4324 esse
280 4273 320 4323 rel
336 4271 465 4322 damnum
484 4273 572 4322 maius
590 4270 682 4333 fecisse
700 4271 821 4323 tradant.
894 4270 922 4336 2)
943 4269 1120 4322 Placentinae.
