3118 4840
214 511 291 564 1192.

199 617 248 657 rua.
258 615 291 658 ae,

215 848 291 900 1193.

224 917 291 958 naso.

208 2120 238 2169 Ὗ,
250 2119 294 2164 lib.

173 2331 255 2392 *nair
263 2353 296 2396 a1.

218 2407 266 2448 Iun.
277 2409 296 2449 1.

308 319 344 372 20
420 313 610 369 IOHANNIS
629 312 875 368 CODAGNELLI
893 312 1074 368 annuas
1093 314 1220 370 A.1192.
1241 317 1318 370 1193.

310 499 389 563 Kal.
415 497 498 561 Iulii
509 496 529 575 ¹,
557 499 593 561 in
617 498 809 562 festivitate
832 499 943 562 sancti
966 497 1132 562 Iohannis
1156 498 1243 561 obiit
1267 497 1425 561 dominus

309 587 528 652 Thebaldus³
547 586 769 650 Placentinus
787 587 975 670 episcopus.
1022 586 1088 650 Die
1104 585 1248 651 Veneris
1271 586 1425 670 proximo

310 676 468 759 sequenti
490 675 624 740 levatus
655 676 725 739 tuit
754 676 934 759 episcopus
957 668 1129 752 Ardeib‘2,
1160 677 1219 757 qui
1242 679 1327 738 tnnc
1352 678 1426 738 erat

309 765 503 849 prepositus
527 764 669 828 ecclesie
695 764 884 828 Duodecim
908 765 1152 848 apostolorum.

416 852 720 929 MOLXXXXIIL
751 853 941 917 indictione
972 854 1035 929 XI,
1069 853 1194 917 mensis
1226 853 1336 917 Medii
1366 853 1461 915 Pas

311 944 444 1027 pienses
475 945 510 1006 et
533 943 708 1006 Lodexani
736 946 771 1006 et
796 941 1040 1006 Cremonenses
1064 944 1100 1006 et
1122 942 1366 1024 Pergamenses
1390 944 1426 1004 et

312 1030 506 1107 Oumenses,
540 1051 673 1114 queque
702 1031 847 1094 istarum
877 1031 1034 1114 gentium
1063 1031 1207 1094 intrarit
1236 1051 1297 1115 per
1326 1050 1361 1093 se
1387 1031 1426 1092 in

312 1120 549 1184 commitatum
565 1119 764 1196 Mediolani,
786 1123 822 1184 et
838 1120 987 1202 plurima
1002 1120 1078 1184 loca
1094 1122 1129 1184 et
1146 1118 1244 1183 villas
1261 1122 1428 1202 ceperunt

312 1211 347 1273 et
377 1209 610 1273 conbuserunt
639 1212 674 1273 et
704 1209 859 1272 homines
890 1229 929 1272 ac
958 1209 1118 1273 mulieres
1143 1209 1424 1292 dispoliaverunt.

313 1296 388 1375 Quo
412 1299 448 1360 in
471 1298 617 1362 veritate
641 1299 779 1380 cognito
804 1298 1165 1373 aMediolanensibus
1190 1297 1308 1360 statim
1332 1317 1472 1380 para-10

312 1389 436 1450 verunt
459 1387 662 1463 exercitum;
695 1390 730 1450 et
754 1387 898 1450 fuerunt
927 1388 965 1449 in
995 1407 1112 1450 eorum
1136 1386 1307 1450 adiutorio
1332 1385 1425 1448 mille

313 1474 440 1539 milites
464 1476 579 1539 Brixie
611 1479 646 1539 et
675 1476 821 1540 totidem
846 1475 1023 1540 Placentie
1052 1479 1087 1539 et
1111 1475 1205 1539 mille
1230 1475 1425 1538 archatores

313 1568 348 1628 et
372 1569 512 1628 centum
534 1565 662 1628 milites
691 1565 783 1629 inter
805 1565 990 1628 Novariam
1015 1567 1051 1628 et
1070 1563 1254 1628 Vercellas.
1301 1563 1426 1626 Parato

314 1653 466 1718 exercitu
495 1654 712 1717 intraverunt
746 1654 783 1716 in
817 1657 925 1717 terras
961 1653 1078 1717 Laude
1113 1673 1189 1716 cum
1226 1652 1358 1716 carocio
1391 1653 1426 1714 et

312 1743 492 1826 manganis
515 1745 551 1806 et
580 1742 748 1826 predariis
778 1747 813 1806 et
842 1745 1009 1806 venerunt
1043 1742 1088 1805 ad
1122 1742 1300 1818 fossatum,
1336 1740 1427 1822 quod
1446 1762 1472 1802 15

313 1830 489 1894 Lodexani
518 1831 677 1895 fecerunt
706 1832 803 1894 iuxta
830 1830 1173 1907 Laudem-Vetulem,
1201 1835 1237 1894 et
1267 1850 1426 1913 magnam

313 1921 447 2002 partem
473 1919 596 1982 fossati
620 1920 877 1994 destruxerunt;
914 1923 949 1983 et
972 1923 1056 1983 tunc
1081 1918 1325 1984 Cremonenses
1349 1939 1426 1982 cum

315 2009 448 2071 carocio
472 2012 571 2071 erant
595 2007 722 2082 Laude,
753 2012 889 2072 etcum
913 2009 961 2071 eis
989 2011 1088 2072 erant
1111 2009 1238 2072 milites
1262 2007 1367 2090 Papie
1391 2011 1426 2069 et

314 2096 473 2179 Pergami
489 2099 525 2159 et
541 2096 662 2160 Parme
679 2100 715 2160 et
732 2097 899 2161 *Mantua
934 2097 1208 2162 Mediolanenses
1224 2118 1304 2161 vero
1320 2102 1426 2158 trans-

314 2186 429 2250 ierunt
462 2185 628 2248 fossatum
665 2190 700 2250 et
731 2187 990 2250 castramentati
1020 2188 1102 2249 sunt
1139 2187 1228 2250 circa
1263 2185 1427 2248 Laudem·
1445 2209 1474 2246 ao

315 2273 475 2339 Vetulem
498 2295 559 2357 per
581 2274 733 2338 medium
750 2275 915 2338 Sanctum
932 2273 1200 2350 Columbanum3
1226 2278 1262 2338 et
1277 2276 1342 2337 hoc
1357 2273 1427 2336 fuit

314 2363 437 2426 ultimo
455 2363 509 2426 die
525 2363 651 2426 mensis
666 2363 785 2427 Medii.
824 2363 905 2428 Alia
920 2385 1000 2428 vero
1016 2364 1081 2441 die,
1104 2365 1212 2447 primo
1230 2363 1285 2426 die
1302 2362 1427 2426 mensis

314 2451 409 2514 Iunii
431 2451 591 2516 fecerunt
615 2453 808 2516 contionem
826 2473 958 2516 summo
975 2473 1083 2528 mane,
1109 2456 1144 2517 et
1167 2455 1300 2515 armata
1324 2472 1428 2513 manu

314 2560 430 2604 versus
460 2541 648 2618 Laudem0,
684 2541 744 2605 ubi
779 2545 877 2605 erant
912 2541 1106 2618 adversarii,
1141 2542 1209 2605 iter
1243 2541 1428 2622 arripuere.

315 2627 391 2706 Quo
420 2629 544 2692 itinere
573 2630 642 2691 iam
672 2630 809 2713 incepto
837 2631 998 2694 viderunt
1026 2633 1135 2694 terras
1164 2629 1354 2693 Mediolani
1384 2627 1428 2690 ab
1449 2653 1479 2691 as

315 2717 463 2781 inimicis
479 2719 629 2796 accendi,
652 2722 687 2782 et
703 2720 821 2782 statim
838 2739 964 2801 inagna
979 2739 1057 2801 pars
1073 2719 1223 2782 militum
1239 2716 1429 2781 Mediolani

316 2806 407 2890 cepit
431 2805 516 2868 alios
539 2802 756 2889 procedered,
782 2806 841 2870 alii
865 2828 944 2871 vero
969 2829 1085 2872 omnes
1102 2808 1334 2890 sequebantur
1349 2827 1430 2869 cum

315 2988 337 3034 a)
351 2984 480 3027 'thedaldus
494 2990 548 3025 recte
562 2988 644 3029 Petrus.
685 2988 707 3035 b)
721 2986 825 3028 Ardiclus
839 2988 923 3032 Petrus.
963 2988 985 3040 c)
998 2987 1071 3029 ladem
1086 3001 1102 3032 e.
1143 2991 1166 3038 d)
1179 2991 1262 3038 sicpro
1276 2985 1396 3038 precedere
1410 2998 1431 3028 c.

317 3150 343 3213 1)
362 3147 462 3198 Eodem
480 3147 522 3198 dic
543 3144 637 3213 (VIII.
650 3145 714 3200 Kal.
726 3145 790 3214 Iul.)
807 3149 922 3202 consules
937 3149 1086 3202 Placentini
1101 3151 1300 3202 interdicerent
1317 3149 1429 3214 ciericis,

315 3233 348 3268 ne
371 3219 439 3285 epeia
463 3217 611 3270 absentibus
635 3233 731 3270 leovum
756 3222 904 3288 episcopum
932 3221 1064 3285 elicerent,
1090 3229 1168 3273 corta
1186 3221 1256 3273 edita
1281 3236 1299 3270 a
1321 3219 1429 3284 Boselli,
1451 3236 1481 3274 ao

316 3289 399 3340 ‘Delie
422 3291 502 3341 storia
520 3289 671 3341 Piccmtine
694 3291 711 3344 i.
730 3291 801 3342 XII’
820 3291 871 3355 (I),
885 3308 915 3357 p.
929 3293 1031 3359 340aq.
1064 3293 1166 3358 Campi,
1190 3291 1270 3343 ‘Deli’
1292 3291 1353 3344 list.
1373 3290 1431 3345 eccl.

315 3360 346 3410 di
356 3359 498 3413 Piccenzc'
506 3360 546 3424 ΙΙ,
558 3379 588 3428 p.
597 3363 638 3414 73.
648 3363 684 3416 83
693 3378 731 3428 sq.
745 3364 803 3416 100.
817 3362 887 3413 hane
898 3363 981 3427 offert
991 3365 1116 3414 notitiam
1127 3363 1233 3414 arctici
1242 3365 1433 3414 canonicorom

316 3430 549 3483 Placentinorum:
573 3429 748 3487 MOLXVII.
767 3431 901 3485 Dominus
920 3431 1057 3486 Tedaldua
1081 3433 1183 3486 electus
1208 3432 1298 3500 primo
1316 3430 1432 3484 intravit

316 3499 487 3556 Placentiam
498 3500 615 3569 septimo
628 3501 767 3556 Kalendas
778 3501 844 3555 Iulii
857 3504 931 3569 (Inn.
944 3507 1001 3570 25),
1021 3503 1069 3571 qui
1080 3502 1312 3557 MOLXXXXH.
1332 3506 1431 3556 octavo

316 3569 381 3626 Kal.
395 3571 462 3624 Iulii
480 3571 556 3628 obiit.
587 3571 693 3626 Eodem
712 3589 792 3641 anno,
811 3573 854 3626 die
867 3573 984 3627 Veneris
997 3573 1047 3629 VI.
1063 3573 1202 3628 Kalendas
1219 3572 1293 3642 Iulii,
1312 3574 1340 3626 in
1359 3573 1431 3626 festo
1453 3589 1484 3629 ee

317 3645 474 3696 sanctorum
491 3641 622 3696 Iohannis
647 3647 675 3698 et
692 3643 773 3697 Pauli
790 3647 865 3710 (Iun.
879 3647 928 3711 26)
946 3643 999 3698 fuit
1023 3645 1126 3698 electus
1151 3645 1179 3698 in
1205 3645 1362 3714 episcopum
1382 3643 1432 3696 do-

316 3712 407 3766 minus
425 3712 535 3767 Arditio
560 3714 731 3783 praepositus
756 3716 902 3770 canonicae
919 3715 1071 3770 Duodecim
1090 3717 1283 3785 apostolorum,
1306 3715 1353 3784 qui
1370 3713 1432 3766 mil-

317 3783 414 3838 lesimo
438 3784 587 3838 centesimo
611 3785 788 3855 nonagesimo
813 3803 894 3853 none,
920 3786 964 3840 die
989 3787 1096 3840 sabbati
1120 3787 1215 3854 quinto
1240 3787 1339 3840 mensis
1356 3785 1435 3839 Iunii

318 3854 386 3908 obiit
403 3854 432 3908 in
450 3855 543 3924 vigilia
561 3861 739 3924 pentecostes.
777 3856 814 3910 nc
838 3858 866 3910 in
885 3857 944 3926 ipso
964 3858 1034 3912 festo
1052 3861 1223 3927 pentecostes
1240 3860 1315 3924 (Iun.
1329 3861 1359 3923 6)
1378 3856 1434 3909 fuit

318 3926 420 3980 electus
438 3925 466 3978 in
484 3927 642 3996 episcopum
660 3927 786 3981 dominus
802 3927 961 3984 (trimanus.
992 3927 1314 3998 QuiMccx.d1010vis
1332 3931 1434 3981 octavo
1454 3947 1486 3984 40

318 3996 418 4051 mensis
440 3996 544 4065 Aprilis
574 4001 638 4051 ante
669 3999 833 4052 dominicam
858 3999 946 4053 olivae
970 4002 1001 4061 (i.
1020 4017 1040 4056 e.
1058 4002 1218 4069 palmarum
1243 4026 1275 4044 =
1295 4003 1364 4067 Ape.
1385 4002 1435 4061 11)

320 4071 383 4122 ante
402 4068 610 4137 completorium
629 4069 705 4126 obiit.
736 4072 787 4124 Die
798 4069 865 4125 VII.
878 4069 942 4126 Kal.
955 4069 1008 4126 Iul.
1021 4072 1095 4138 (Inn.
1108 4074 1156 4132 25)
1173 4072 1319 4124 Tcdaldnm
1338 4071 1435 4123 obiisse

319 4141 391 4204 falec
408 4141 493 4204 refert
511 4141 589 4199 Nece,
602 4141 630 4195 S.
643 4143 739 4194 Saeini
749 4143 874 4209 Placent,
894 4143 939 4197 ‘N.
951 4143 1063 4194 Archio'
1080 4145 1109 4209 V,
1124 4161 1155 4210 p.
1165 4145 1227 4198 439.
1281 4145 1309 4208 2)
1330 4142 1435 4194 Eodem

287 4210 290 4226 ⁴
319 4212 362 4263 die
379 4211 475 4263 Petrus
489 4213 598 4264 Dianas
615 4213 764 4265 cardinalia
777 4214 916 4280 presbyter
933 4214 960 4268 S.
975 4215 1102 4267 Caeciliae
1118 4215 1264 4266 electionem
1276 4214 1437 4266 dedicionis

320 4283 493 4347 confirmavit,
512 4283 568 4335 eicie
585 4289 697 4348 cartam,
716 4284 814 4336 Boselli
831 4285 846 4339 l.
868 4286 885 4339 l.
901 4303 929 4352 p.
944 4287 1004 4349 341,
1023 4291 1046 4336 ct
1063 4291 1154 4337 notam
1167 4287 1370 4353 praecedentem.
1456 4301 1490 4340 40
