3118 4840
235 249 271 302 40
396 241 585 297 IOHANNIS
604 239 850 295 consanum
869 237 1052 294 ANNALIIS
1072 238 1107 294 A.
1123 243 1200 295 1212.

139 440 217 495 lala.
343 427 389 490 Et
419 428 539 491 eodem
570 447 661 490 anno
687 425 758 488 fuit
790 445 907 488 carum
936 428 1084 506 tempus,
1097 465 1103 474 -
1117 422 1169 486 ita
1198 423 1290 506 quod
1319 423 1356 485 in

237 517 385 582 sextario
404 516 573 580 frumenti
588 515 738 578 dabatur
754 513 825 577 VII
842 513 903 577 sol.
928 516 965 577 et
988 512 1065 596 plus
1089 515 1124 576 et
1147 512 1185 574 in
1208 512 1356 576 sextario

236 605 350 670 sicalis
366 605 418 668 Vl
442 605 502 669 sol.
528 609 563 668 et
586 603 665 687 plns
689 606 724 667 et
747 603 784 665 in
808 602 956 666 sextario
980 601 1067 664 milii
1090 600 1171 664 IIII
1195 599 1283 664 soll.

68 714 216 763 marn).
343 694 410 758 Die
433 699 550 758 autem
565 691 710 757 Veneris
725 691 851 754 XIIII.
876 691 1002 755 mensis
1018 690 1124 753 Iulii2
1140 690 1254 754 dictus
1270 710 1356 773 puer

237 784 279 848 de
303 783 442 848 Seieilia
472 803 550 847 oum
580 782 696 865 legato
726 781 852 844 summi
874 779 1069 863 pontificis³
1099 783 1134 843 et
1159 778 1393 843 marchiones

237 873 279 936 de
311 871 590 937 Monte-ferato4
624 874 660 934 et
693 869 818 934 comite
849 869 892 933 de
923 868 1050 931 Sancto
1082 866 1286 932 Bonifaeio⁵
1320 872 1355 932 et

236 961 454 1045 Papiensium
491 982 531 1025 ao
567 957 847 1024 Cremonensium
886 957 1033 1040 legatis²
1071 979 1110 1021 ao
1149 957 1355 1040 quibusdam

236 1049 313 1114 aliis
329 1051 476 1113 Ianuam
498 1049 604 1113 exivit
628 1051 663 1113 et
687 1068 747 1132 per
762 1047 916 1111 Montem
926 1046 1095 1110 -feratum
1112 1050 1147 1111 et
1163 1066 1224 1130 per
1240 1048 1355 1128 partes

235 1139 314 1203 illas
338 1139 382 1204 ad
398 1139 574 1203 civitatem
592 1139 656 1200 Ast
672 1136 831 1211 accessit3
857 1135 981 1200 deinde
1004 1134 1072 1199 iter
1095 1156 1195 1199 suum
1212 1134 1354 1218 Papiam

68 1245 217 1296 bitom).
236 1229 292 1292 die
309 1228 452 1292 Veneris
475 1227 539 1290 Xl.
563 1226 641 1289 Kal.
667 1225 839 1306 Augusti⁶
863 1225 997 1288 direxit.
1037 1222 1105 1302 Qui
1129 1224 1171 1287 ab
1196 1225 1355 1288 universo
1375 1249 1402 1286 ιο

237 1316 329 1381 clero
353 1319 388 1380 et
407 1315 576 1379 militibus
593 1319 628 1379 et
644 1314 819 1398 peditibus
836 1313 988 1378 eiusdem
1006 1313 1157 1377 civitatis
1173 1312 1354 1394 magnifice

237 1409 272 1469 et
296 1406 458 1469 decenter
481 1405 551 1467 fuit
573 1407 742 1486 receptus,
767 1402 912 1486 pallium
936 1421 1038 1485 super
1062 1423 1140 1466 eum
1164 1405 1353 1485 portantes

237 1497 277 1557 ut
308 1495 350 1558 de
381 1494 630 1558 consuetudine
660 1490 848 1576 imperialis
879 1495 931 1555 est
965 1491 1230 1573 magnitudinis;
1265 1490 1354 1553 affir·
1457 1560 1462 1569 ,

237 1586 370 1646 mantes
395 1583 640 1646 Cremonenses
670 1586 706 1644 et
728 1581 914 1664 Papienses
943 1583 979 1644 et
1002 1579 1155 1643 marchio
1179 1580 1221 1644 de
1245 1579 1354 1643 Heste

237 1676 272 1736 et
295 1671 432 1755 publice
456 1672 620 1745 dieentes,
651 1670 743 1752 quod
773 1670 885 1752 ipsum
916 1689 1060 1752 puerum
1091 1667 1205 1750 palam
1230 1671 1265 1732 et
1295 1688 1355 1752 per
1374 1693 1400 1731 15

236 1761 305 1824 vim
329 1781 407 1824 oum
431 1780 548 1823 eorum
572 1760 690 1822 amicis
714 1761 835 1822 eontra
861 1757 1012 1820 omnium
1038 1757 1191 1820 fidelium
1216 1754 1355 1821 Ottonis

235 1848 453 1912 invictissimi
498 1847 715 1931 imperatoris
762 1839 1023 1929 [voluntatemb]
1071 1845 1271 1910 Cremonam
1320 1848 1355 1910 et

236 1938 428 2001 Veronam⁰
457 1931 621 2013 ducenta
653 1936 744 2018 quod
769 1935 955 2018 plurimum
980 1934 1296 1998 Mediolanensibus
1319 1939 1355 1999 et

238 2025 449 2089 Placentinis
468 2026 606 2089 videtur
621 2045 724 2107 grave
741 2029 777 2088 et
793 2023 976 2087 molestum
993 2027 1052 2086 ao⁰
1072 2023 1353 2087 intollerandum.

237 2115 283 2177 Et
298 2115 380 2198 quia
395 2115 459 2178 heo
472 2107 613 2179 eontraf
632 2114 823 2176 maiestatis
841 2112 1080 2176 excellentiam
1097 2132 1170 2176 esse
1183 2113 1353 2188 videntur,
1374 2138 1401 2175 so

236 2203 303 2286 ipsi
325 2203 601 2268 Mediolanenses
631 2203 815 2266 admodum
849 2195 1057 2284 [commotis]
1089 2201 1218 2284 pariter
1248 2205 1284 2265 et
1306 2201 1355 2263 in-

237 2293 371 2375 dignati
409 2293 502 2356 foras
541 2313 639 2356 suum
679 2295 856 2356 extraxere
894 2290 1076 2354 carosium.
1134 2289 1235 2354 Unde
1270 2291 1355 2354 dicti
1456 2287 1458 2290 ’

236 2381 511 2446 Mediolanenses
543 2385 578 2445 et
601 2380 797 2444 Placentini
827 2379 964 2462 egregie
995 2378 1128 2443 bellicis
1156 2379 1259 2442 armis
1283 2399 1355 2462 pre·
1447 2457 1449 2460 Ι

236 2471 358 2553 parati,
389 2470 577 2553 imperialis
607 2469 685 2533 aule
716 2469 916 2543 fidelissimi,
951 2489 1027 2531 oum
1059 2468 1219 2531 universa
1248 2468 1355 2531 fortia
1415 2519 1418 2524 .

236 2579 363 2635 eorum,
378 2559 528 2622 militnm
541 2561 577 2622 et
589 2558 754 2641 peditum,
766 2557 1021 2640 sagittariorum
1035 2561 1070 2620 et
1080 2556 1352 2633 balestariorum
1373 2581 1399 2619 ss

237 2647 339 2710 dietis
364 2647 649 2711 Cremonensibus
680 2649 716 2710 et
739 2645 965 2730 Papiensibus
994 2648 1029 2709 et
1053 2645 1211 2708 omnibus
1236 2666 1353 2710 eornm

133 2756 164 2800 *.
201 2764 217 2800 ο.
237 2736 355 2799 amicis
367 2736 564 2801 volentibus
579 2735 692 2818 ipsum
709 2755 853 2819 puerum
869 2733 983 2816 palam
998 2733 1137 2798 *ducere
1151 2733 1353 2798 Cremonam

236 2825 273 2886 in
303 2825 506 2887 commitatu
529 2823 702 2886 Laudensi
732 2825 775 2886 ad
799 2823 940 2886 Lambri
969 2823 1154 2886 transitum
1185 2823 1238 2887 vel
1270 2823 1355 2887 alibi

236 2913 344 2976 tensis
368 2912 491 2995 aquilis
514 2911 661 2976 viriliter
684 2911 843 2977 resistere
867 2915 971 2995 atque
993 2912 1061 2976 iter
1084 2932 1202 2976 eorum
1226 2916 1261 2976 et
1283 2933 1354 2995 per·

237 3021 355 3065 sonam
372 3002 470 3084 pueri
485 3001 680 3065 omnimode
695 3001 862 3085 impedire
879 3004 1131 3084 proposuerunt
1147 2993 1203 3065 eth
1222 3001 1353 3064 dietum
1374 3028 1411 3076 3ομ

237 3110 381 3174 puerum
411 3111 473 3174 per
502 3091 571 3153 vim
601 3090 753 3173 recipere
784 3109 891 3173 posse,
924 3110 1023 3152 suum
1053 3090 1146 3153 foras
1178 3093 1353 3154 extraxere

237 3180 425 3255 oaroeium;
457 3180 517 3243 sed
540 3200 606 3263 que
629 3180 741 3244 verbis
765 3179 936 3254 dixerunt,
967 3178 1071 3242 factis
1094 3179 1274 3243 observare
1298 3200 1354 3242 no-

132 3293 217 3334 mas.
237 3268 385 3332 luerunt.
439 3269 505 3332 Die
536 3271 653 3332 autem
683 3268 820 3333 sabbati
843 3268 883 3331 V.
909 3267 987 3330 Kal.
1013 3268 1164 3350 Augusti
1194 3289 1268 3331 sero
1299 3269 1354 3330 ad-

237 3358 395 3422 veniente
412 3358 596 3442 Papienses
613 3358 656 3421 ad
676 3379 797 3422 sonum
814 3377 979 3440 campane
999 3377 1076 3420 oum
1094 3378 1200 3440 puero
1217 3357 1353 3420 Soioilie

236 3550 257 3595 a]
276 3548 344 3597 legati
359 3560 375 3592 c.
430 3547 453 3599 b)
472 3550 543 3597 suppl.
557 3549 632 3594 Peme,-
647 3558 690 3588 om.
703 3560 719 3588 e.
774 3550 794 3595 e)
815 3547 1107 3594 emenn.H.·1a·.,·1·omac.
1162 3545 1185 3597 d)
1206 3549 1237 3586 sie
1251 3559 1281 3594 c.;
1301 3548 1354 3594 fori.
1374 3549 1399 3586 35

236 3598 344 3640 ducerent
357 3603 475 3649 lnocinium.
525 3601 545 3652 a)
560 3602 634 3640 emend
655 3601 730 3645 Porta:
744 3611 784 3640 neo
799 3612 816 3642 o.
863 3601 1038 3650 nimperstorie
1052 3602 1192 3650 simpiendum
1207 3611 1251 3639 esse
1265 3603 1355 3642 videtur.

236 3652 258 3702 g)
275 3655 384 3702 suppleta
399 3665 439 3695 om.
453 3665 484 3702 0.,·
499 3655 526 3700 cf.
543 3655 580 3694 ‘M
595 3651 684 3692 Ariniv’
699 3654 763 3703 XVI,
779 3666 804 3702 p.
815 3654 861 3696 312,
929 3653 952 3703 h)
974 3652 1146 3702 oredsntespro
1161 3660 1224 3694 etex
1239 3655 1290 3692 aliis
1304 3655 1355 3693 locis

233 3707 363 3755 ,codaynelli
375 3708 485 3756 legendum
500 3717 543 3745 esse
557 3707 645 3749 conicio.

236 3865 264 3934 1)
285 3865 326 3929 Cf.
344 3865 418 3916 Ann.
434 3861 540 3916 Medioi.
558 3861 644 3914 brein
659 3877 687 3928 p.
701 3863 762 3916 391.
820 3863 848 3929 2)
869 3861 919 3913 Ini.
935 3862 976 3914 14.
996 3861 1050 3922 fuit
1069 3862 1187 3914 α,1212,
1206 3859 1353 3924 sabbatum,

236 3937 280 3989 sed
306 3936 417 4002 Ouerins
436 3936 520 3986 Panis
539 3935 554 3986 i.
574 3935 592 3987 i.
610 3934 696 3996 referi
717 3933 888 3984 Frioieiicum
913 3932 954 3982 die
979 3932 1033 3986 Ini.
1054 3933 1095 3985 15.
1121 3931 1211 3982 Ianua
1236 3932 1401 3983 exivissem

237 4007 265 4076 3)
291 4007 413 4059 Berardo
438 4005 633 4073 archiepiscopo
652 4005 777 4068 Barensi
802 4008 832 4054 ni
849 4003 1043 4065 Winteimann,
1065 4001 1141 4053 ‘Otto'
1155 4018 1185 4067 p.
1200 4004 1261 4066 321,
1287 4017 1314 4054 n.
1327 4003 1354 4066 2,

236 4081 350 4132 coniecit.
370 4079 458 4144 (Genio
482 4093 534 4128 non
554 4077 683 4129 sicardus
708 4077 845 4141 episeopus
864 4074 1046 4126 Cremonensis
1071 4074 1171 4137 adfuit,
1197 4075 1246 4138 qni
1262 4073 1318 4125 Ini.
1330 4075 1355 4126 9.

237 4149 367 4200 Mantuae
379 4149 449 4212 fnit,-
462 4149 549 4200 Goion
561 4149 626 4214 dipl.
641 4147 760 4199 Cremon.
771 4147 794 4209 I,
806 4163 833 4212 p.
843 4148 903 4211 221,
917 4161 961 4200 nr.
973 4148 1045 4210 151).
1100 4146 1129 4213 4)
1149 4145 1293 4195 Gniiieiino
1304 4143 1324 4193 Ι
1325 4143 1355 4196 V.

237 4222 263 4287 5)
282 4220 407 4273 Biennio.
488 4223 517 4277 6)
541 4219 591 4271 ΧΙ.
611 4218 674 4271 Kni.
694 4219 764 4282 Any.
784 4217 849 4280 (Iul.
862 4218 911 4282 22)
929 4217 986 4280 fnit
1004 4233 1029 4268 n.
1044 4217 1120 4299 1212.
1140 4215 1196 4266 dies
1213 4216 1355 4269 dominica.
