3112 4856
209 233 245 286 64
334 227 526 283 IOHANNIS
545 227 792 283 OODAGNELLI
810 226 991 282 ANNALES
1008 227 1044 283 A.
1059 230 1136 284 1217.
1156 231 1235 285 1218.

114 421 191 474 1217.
209 414 428 478 intraverunt
451 414 488 476 in
506 416 634 476 terram
654 411 900 485 Parmensium,
925 411 963 474 in
986 411 1142 495 partibus
1166 410 1330 475 videlicet

210 502 448 566 Montis-salsi
471 504 507 565 et
523 500 634 577 Greci,
658 500 759 564 villas
782 521 917 584 quoque
937 503 972 565 et
991 500 1119 577 domos,
1144 519 1211 581 que
1231 503 1330 564 erant

210 592 247 654 in
281 592 365 674 ipsis
400 591 513 664 curiis,
553 589 788 654 conbuserunt
823 592 858 653 et
896 592 1046 652 castrum
1080 588 1259 652 Rudiliani
1294 593 1330 653 et

210 680 363 756 damase,
388 700 454 762 que
483 682 583 743 erant
613 680 703 742 circa
733 677 888 752 Oorvam,
921 678 1155 742 conbuserunt
1185 681 1221 742 et
1250 678 1330 761 igne

211 771 459 840 cremaverunt,
477 771 512 832 et
528 770 612 831 tunc
625 767 824 831 habuerunt
837 770 872 830 et
885 770 1050 850 ceperunt
1062 766 1160 829 LXX
1172 767 1330 832 homines
1353 790 1368 829 s

134 883 191 932 sar.
209 856 349 920 illarum
382 857 544 940 partium.
600 856 730 920 Eodem
765 875 880 920 mense
906 855 1152 920 Vicedominus
1186 855 1329 920 ecclesie

210 945 388 1010 Placentie
400 945 595 1029 prepositus
606 946 644 1007 in
656 945 854 1028 episcopum
866 944 1045 1008 Placentie
1061 944 1131 1007 fuit
1143 944 1298 1008 elevatus
1307 943 1329 1006 ¹.

102 1023 190 1133 {2⁸1}
318 1027 587 1098 *MOOXVIHJ‘
610 1031 695 1097 Otto
711 1033 943 1097 Romanorum
966 1033 1153 1116 imperator
1176 1032 1264 1096 obiit
1287 1033 1330 1096 de

69 1150 191 1209 uacare).
211 1143 325 1188 mense
349 1123 468 1186 Medii.

317 1210 575 1288 Mocxvllle,
599 1210 789 1274 indictione
805 1210 866 1287 VI,
886 1211 922 1272 in
942 1210 1125 1274 consulatu
1141 1210 1330 1276 Presbiteri
1350 1235 1378 1273 ιο

210 1299 321 1375 Oanis,
353 1300 472 1364 Iacobi
503 1301 545 1364 de
576 1299 858 1382 Bona-congrae,
892 1298 1056 1363 Gandulfi
1087 1299 1130 1363 de
1161 1300 1328 1374 Fontana,

210 1388 357 1452 Petratii
380 1383 631 1464 Passalae-³,
656 1388 794 1452 Alberti
817 1389 859 1452 de
883 1388 1099 1464 Montecuco,
1125 1388 1208 1451 Sani
1227 1388 1330 1451 Surdi

210 1481 246 1540 et
281 1477 431 1541 Roclerii
465 1477 655 1553 Bonefacii,
695 1477 874 1540 consulum
913 1477 1104 1540 communis
1141 1477 1328 1552 Placentie,

100 1585 162 1627 rar.
173 1587 191 1626 1.
211 1566 295 1629 dicti
327 1565 484 1630 consules
515 1567 605 1630 circa
629 1565 708 1629 Kal.
733 1565 913 1630 Februarii
942 1569 1126 1649 treuguam
1150 1587 1228 1629 cum
1252 1566 1330 1629 Par·

211 1655 385 1718 mensibus
416 1658 452 1720 et
482 1654 768 1719 Cremonensibus
798 1654 978 1718 voluntate
1010 1655 1224 1736 quorundam
1254 1655 1376 1718 Pla-15

79 1763 192 1812 (aare).
211 1744 323 1808 centie
358 1745 484 1808 civium
519 1748 578 1808 ace
615 1743 778 1807 conscilio
816 1743 1039 1807 sacramentis
1073 1743 1328 1807 firmaverunt4.

211 1831 339 1896 Verum
363 1834 445 1914 quia
467 1833 542 1915 ipsa
565 1836 714 1914 treugua
736 1825 886 1915 absquef
906 1852 1074 1896 consensu
1097 1835 1132 1896 et
1148 1832 1328 1896 voluntate

211 1921 397 1984 amicorum
422 1924 616 1984 nostrorum
633 1920 823 1984 Mediolani
846 1924 882 1984 et
905 1921 1056 1984 civitatis
1073 1921 1250 1985 Placentie
1273 1942 1328 2003 po·

211 2008 286 2091 puli
302 2011 338 2073 et
353 2030 456 2092 quam
472 2009 646 2093 pluriuml
660 2009 828 2072 nobilium
845 2010 998 2073 eiusdem
1015 2009 1166 2073 civitatis
1177 2009 1328 2073 virorum

211 2098 306 2161 facta
320 2098 445 2175 fuerat,
463 2099 554 2181 quod
570 2099 614 2162 ad
630 2097 852 2182 obprobrium
869 2102 905 2162 et
917 2099 1161 2162 detrimentum
1176 2099 1327 2162 eiusdem
1349 2123 1376 2162 so

212 2186 362 2250 civitatis
375 2190 411 2250 et
422 2188 609 2251 amicorum
622 2190 817 2251 nostrorum
832 2187 1191 2270 spectarevidebatur,
1208 2188 1329 2270 ingens

211 2275 335 2340 seditio
369 2276 461 2340 inter
495 2277 661 2359 populum
696 2279 732 2340 et
761 2277 934 2359 predictos
965 2275 1122 2340 consules
1152 2279 1329 2340 eteorum

211 2384 372 2447 sequaces
403 2369 456 2429 est
486 2370 614 2430 exorta.
668 2364 756 2428 Oum
786 2368 902 2429 autem
933 2365 999 2449 ipsi
1034 2364 1192 2428 consules
1227 2384 1329 2448 super

211 2453 367 2536 predicta
396 2457 544 2537 treugua
577 2454 738 2519 facienda
772 2446 978 2536 procedereh
1005 2453 1143 2530 vellent,
1180 2453 1329 2537 populus

211 2546 246 2605 et
281 2542 414 2607 nobiles
449 2543 599 2607 civitatis
634 2543 812 2607 Placentie
847 2542 911 2606 viri
945 2543 1004 2624 qui
1042 2563 1120 2606 cum
1155 2563 1196 2606 eo
1231 2545 1330 2606 erant
1348 2569 1376 2608 se

211 2631 412 2695 societatem
424 2632 564 2695 insimul
577 2633 799 2695 sacramentis
811 2635 1013 2696 contraxere
1026 2634 1061 2696 et
1074 2631 1328 2706 coroboravere,

211 2721 405 2784 statuentes
436 2724 471 2785 et
501 2721 723 2784 adfirmantes
753 2721 862 2803 ipsam
892 2724 1074 2802 treuguam
1105 2720 1204 2783 nullo
1228 2720 1329 2783 modo

210 2809 342 2870 firmam
368 2812 403 2872 et
425 2813 536 2872 ratam
561 2809 688 2872 habere
708 2811 743 2872 et
762 2809 956 2873 omnimode
975 2809 1085 2891 ipsam
1104 2801 1328 2892 infringere¹.

212 2895 466 2978 cognoscentes
489 2898 556 2980 ipsi
580 2897 738 2962 consules
760 2897 839 2961 illos
859 2898 901 2962 de
920 2891 1108 2961 societate¹¹
1127 2897 1170 2962 ab
1189 2898 1329 2980 incepto

211 2984 375 3049 desistere
407 2986 575 3061 nolentes,
609 2986 668 3050 sed
701 2986 810 3069 magis
840 2987 1016 3069 magisque
1040 2986 1229 3050 efficaciter
1251 2986 1330 3048 insi·
1348 3013 1376 3052 ao

211 3075 356 3150 etentes,
394 3095 471 3137 cum
505 3077 622 3138 autem
654 3075 715 3138 diu
749 3095 851 3158 super
883 3075 1098 3158 propositum
1133 3094 1251 3138 eorum
1284 3074 1329 3138 la·

210 3162 399 3239 borassent,
435 3183 498 3228 nec
533 3164 577 3227 ad
608 3164 711 3228 finem
741 3165 928 3246 perducere
959 3183 1058 3246 posse
1088 3164 1328 3247 percipientes,

210 3352 233 3402 e)
252 3349 368 3392 Rudllleul
392 3354 464 3393 locum
485 3357 513 3393 et
533 3354 646 3404 Verani,
672 3358 780 3403 petram
801 3354 897 3394 Cornum
923 3354 986 3396 Gale.
1005 3354 1121 3403 Flamma,
1143 3353 1226 3402 Menige.
1246 3354 1264 3394 ci
1282 3352 1329 3394 850.

210 3403 234 3459 b)
254 3407 285 3444 sle
298 3406 320 3444 P
330 3410 349 3445 et
363 3407 427 3450 Gale.
439 3407 556 3455 rumma-
576 3407 731 3450 ncoxvlm.
745 3418 762 3449 e.
830 3406 851 3458 c)
870 3408 901 3446 ste
918 3407 1069 3455 corriaendum
1083 3417 1127 3446 esse
1140 3408 1186 3445 iam
1199 3417 1227 3444 ea
1241 3416 1330 3445 numae

210 3459 335 3498 incitationis
349 3465 451 3509 apparu;
466 3460 614 3501 Mccxvml
623 3472 653 3509 e„·
667 3461 772 3502 Pollastr.
787 3461 900 3499 mactavit
914 3461 937 3498 ln
951 3461 1118 3510 cunegundem
1128 3460 1224 3508 Ropisa-i
1235 3459 1330 3507 arandis
1348 3455 1375 3496 35

209 3513 341 3563 Placentini,
362 3514 385 3552 tn
405 3525 448 3563 qua
468 3518 575 3563 sequentes
594 3515 689 3554 comus
709 3515 773 3553 buires
794 3515 847 3552 anni
866 3515 974 3552 nouenae·
991 3517 1048 3562 sunt,
1071 3524 1151 3552 annum
1171 3513 1330 3552 insufflationis

210 3564 364 3606 Mocxvnn.
375 3578 420 3616 pro
429 3566 572 3610 Mcoxan
586 3569 690 3616 seriptum
704 3577 755 3616 esse,
770 3578 811 3616 queo
820 3567 915 3616 coaapa
925 3568 1005 3606 saeua
1014 3568 1126 3616 potuisset,
1141 3569 1165 3605 ut
1173 3567 1230 3605 idern
1239 3566 1329 3614 faceret,

210 3623 229 3657 es
243 3619 305 3661 Galo.
319 3620 422 3660 anamma
436 3622 543 3670 quaedam
560 3631 588 3660 ea
604 3622 737 3671 manualem
755 3625 856 3669 mapsa
870 3621 953 3669 Mena.
967 3621 1040 3664 alut.
1054 3621 1084 3658 aa
1098 3632 1120 3663 a.
1132 3620 1191 3661 1219.
1204 3619 1275 3669 naba,
1292 3619 1330 3658 sed

210 3672 259 3715 Ion.
268 3673 294 3710 ae
303 3673 387 3712 Mussis
396 3675 443 3713 alla
453 3676 482 3714 aa
492 3685 513 3718 a.
523 3674 583 3724 1218,
593 3675 703 3722 Aawaari
708 3675 818 3723 pauciora
828 3675 857 3712 aa
866 3685 889 3713 a.
900 3675 958 3715 1219.
1008 3672 1032 3724 d)
1045 3670 1163 3722 paestalde
1176 3684 1193 3714 c.
1244 3673 1264 3720 e)
1279 3676 1304 3712 et
1312 3682 1329 3714 e.

210 3727 228 3772 0
245 3727 315 3776 nappe.
330 3727 392 3765 Perta
406 3731 429 3766 ut
442 3728 505 3775 infra
514 3728 582 3777 aas,
602 3729 617 3770 1.
628 3729 654 3773 1,·
674 3739 714 3769 om.
729 3739 760 3775 a.,·
781 3728 828 3766 sine
842 3727 923 3770 IL-Br.
989 3725 1014 3778 g)
1034 3727 1158 3774 emendant,¹
1178 3725 1299 3775 plurlmum
1312 3736 1329 3768 e.
1347 3732 1375 3772 40

209 3778 234 3826 h)
253 3776 350 3830 paedere
363 3778 501 3830 (precedere)
514 3791 532 3824 e.
586 3779 603 3832 i)
617 3782 697 3824 amend
710 3780 802 3828 H.·Br.,·
816 3779 923 3829 inungere
937 3791 955 3822 e.
1008 3777 1032 3830 k)
1046 3779 1130 3820 necleta
1142 3790 1161 3821 e.

212 3921 239 3988 1)
258 3921 302 3986 Cf.
316 3920 435 3975 Honorie'
451 3924 554 3975 litteras
571 3923 650 3976 dutus
667 3922 896 3988 a.1217.0a.5,·
919 3922 1040 3974 Pottbast
1058 3937 1102 3977 nr.
1115 3922 1192 3976 5607.
1247 3919 1277 3988 2)
1296 3918 1330 3970 de

210 3989 285 4044 Mala
304 3992 407 4062 corigia
430 3994 530 4046 duitur
548 3996 578 4045 e'n
600 4000 677 4046 carta
695 3995 775 4058 infra
793 4009 820 4047 n.
834 3997 859 4048 4.
880 3994 999 4046 laudata.
1079 3992 1106 4058 3)
1123 3989 1330 4046 Passeeulderia

210 4063 328 4115 indicta
347 4072 423 4117 cana
441 4072 554 4120 vocatus.
662 4065 691 4132 4)
715 4065 799 4117 carta
824 4065 855 4117 de
879 4067 1039 4116 iuramenta
1056 4063 1228 4115 indutiarum
1246 4061 1330 4113 mem

210 4149 345 4186 annuum
369 4137 452 4200 factis
476 4138 532 4187 iam
551 4137 611 4191 Ian.
630 4138 671 4191 18.
697 4137 763 4188 dala
787 4144 833 4202 est,
860 4136 984 4200 Bdbmer,
1003 4135 1071 4187 aaa
1088 4134 1158 4200 Imp.
1173 4150 1202 4200 p.
1217 4134 1268 4187 641
1281 4148 1329 4197 su,
1348 4149 1375 4186 15

210 4221 254 4260 ar.
268 4209 327 4261 933.
1008 4257 1010 4262 .
