3112 4856
235 293 287 346 104
360 289 550 346 IOHANMS
569 288 815 347 OODAGNMLLI
833 287 1015 343 ANNALMS
1034 289 1069 345 A.
1084 292 1162 347 1230.
1183 293 1260 347 1231.

123 475 215 536 1230?
234 473 391 554 Quadam
414 495 495 539 vere
519 475 575 540 die
591 495 670 538 curn
685 475 804 539 ivisset
822 495 901 538 cum
918 473 1068 557 quadam
1083 473 1187 537 turba
1203 473 1356 537 militum
1411 515 1415 524 ·

233 567 268 628 et
299 564 556 646 sagittariorum
588 567 623 628 et
652 562 915 628 balestariorum
951 562 995 625 ed
1025 563 1199 645 quendam
1228 563 1354 640 locum,

233 653 293 736 qui
316 673 373 717 eos
397 653 635 736 impugnabat,
660 655 696 717 et
719 652 833 717 lecum
852 651 953 714 illum
973 651 1156 728 obsideret,
1182 672 1294 716 comes
1312 652 1355 715 de

233 742 383 826 Sabogia
418 744 453 805 61
487 741 641 806 marchio
671 742 714 805 de
739 740 873 805 Salutio
904 743 940 805 et
971 741 1124 804 marchio
1156 740 1198 804 de
1222 740 1355 804 Monte-

231 831 346 895 ferato
371 830 532 914 privatim
556 833 593 895 et
615 831 841 894 secretissime
865 830 969 894 turba
993 829 1145 892 militum
1168 850 1295 912 magna
1319 833 1355 893 et
1379 855 1392 894 s

233 919 491 1002 sagittariorum
515 923 551 984 et
574 919 838 984 balestariorum
862 918 1014 1001 undique
1038 918 1195 995 collecta,
1219 922 1354 1002 partem

233 1029 350 1073 eorum
383 1009 420 1071 in
452 1009 586 1072 insidiis
616 1011 794 1092 ponentes,
829 1028 906 1071 cum
940 1007 1018 1070 aliis
1049 1008 1220 1091 impetum
1253 1027 1354 1090 super

233 1118 291 1162 eos
306 1097 485 1174 iacientes,
506 1097 654 1182 prelium
671 1118 749 1161 cum
766 1097 814 1162 eis
831 1097 1086 1161 commiserunt.
1127 1096 1220 1158 Dum
1237 1100 1354 1160 autem

233 1187 281 1249 sic
313 1187 552 1270 preliarentur,
583 1186 636 1249 illi
666 1187 726 1270 qui
756 1190 855 1250 erant
886 1185 923 1248 11
952 1185 1086 1249 insidiis
1109 1185 1221 1249 veloci
1243 1185 1354 1268 gradu

232 1276 269 1339 11
286 1276 334 1339 616
350 1274 520 1339 insultum
535 1275 705 1340 fecerunt.
741 1274 896 1357 Cumque
913 1274 961 1338 sic
974 1277 1158 1350 certarent,
1171 1275 1350 1338 videntes⁸
1375 1301 1402 1340 ιο

233 1363 438 1428 *Mediolani
470 1364 599 1428 milites
632 1367 667 1429 et
700 1365 761 1428 alii
794 1364 854 1446 qui
889 1385 968 1427 cum
999 1364 1046 1428 eis
1071 1366 1171 1428 erant
1194 1363 1353 1428 resistere
1374 1390 1406 1440 ⁸9.
1417 1391 1464 1433 11.

232 1453 374 1517 minime
407 1473 514 1537 posse,
548 1454 663 1537 fugati
696 1457 732 1518 et
764 1453 910 1537 dispersi
945 1473 1006 1536 per
1039 1456 1148 1516 161166
1183 1455 1219 1516 61
1253 1452 1353 1516 villas

231 1543 385 1620 fuerunt,
418 1545 454 1606 61
484 1543 578 1626 capti
607 1563 649 1607 ex
680 1543 729 1607 eis
759 1562 867 1625 usque
898 1544 942 1605 ad
966 1541 1100 1625 viginti.
1148 1541 1246 1605 Inter
1269 1561 1354 1622 quos

231 1631 302 1694 fuit
320 1634 442 1715 captus
459 1632 618 1695 dominus
634 1630 784 1696 Obertus
801 1632 843 1695 de
861 1630 984 1707 Ozene,
1004 1633 1118 1694 rector
1134 1634 1170 1694 et
1186 1628 1353 1714 *potestas

232 1742 360 1786 eorum.
407 1719 580 1783 Nimirum
611 1720 692 1803 quia
721 1742 827 1804 parva
854 1720 960 1783 turba
988 1739 1068 1803 sepe
1092 1722 1128 1784 et
1151 1719 1354 1782 multotiens
1376 1745 1401 1784 rs

231 1812 415 1894 superatur
444 1830 465 1872 a
495 1829 619 1891 magno
642 1830 787 1874 numero
817 1813 853 1873 et
882 1809 1078 1890 quantitate
1108 1808 1265 1893 magnal,
1296 1827 1354 1870 eos

233 1898 453 1982 superabant.
502 1897 589 1961 Oum
613 1902 729 1962 autem
753 1899 846 1962 idem
870 1896 1020 1961 Obertus
1051 1900 1141 1962 esset
1163 1899 1201 1960 in
1224 1897 1354 1960 virtute

119 1992 120 1995 ’
233 1991 268 2050 61
292 1990 464 2070 potestate
489 1987 624 2050 comitis
647 1988 690 2051 de
707 1987 857 2069 Sabogia
878 1990 913 2049 61
930 1986 1139 2051 marchionis
1156 1987 1198 2050 de
1216 1985 1353 2049 Selucio

232 2078 337 2158 atque
353 2074 560 2139 marchionis
577 2076 620 2140 de
635 2076 896 2140 Monte-ferato
920 2077 955 2140 et
974 2076 1191 2158 quorundam
1208 2074 1352 2138 aliorum

232 2165 383 2228 virorum
414 2164 593 2241 nobilium,
623 2166 710 2229 tecti
740 2165 893 2248 maligno
924 2165 1049 2248 spiritu
1080 2168 1115 2229 et
1138 2164 1353 2247 iniquissimo
1374 2192 1401 2230 ao

233 2257 269 2318 et
291 2254 573 2338 nephandissimo
597 2253 734 2331 scelere,
765 2255 861 2338 turpi
892 2257 928 2318 et
957 2255 1091 2318 crudeli
1119 2257 1223 2336 atque
1246 2252 1353 2336 inopi·

234 2343 343 2407 nabili
365 2363 449 2407 nece
471 2343 585 2427 ipsum
603 2344 798 2408 interficere
814 2344 975 2408 fecerunt
986 2344 1012 2419 2;
1039 2344 1130 2425 quod
1146 2343 1217 2406 fuit
1233 2346 1354 2406 contra

232 2431 317 2495 iuris
341 2432 493 2496 ordinem
520 2435 557 2496 et
578 2425 734 2516 imperiib
762 2432 1057 2497 consuetudinem.
1098 2432 1199 2496 Unde
1222 2431 1353 2494 iustum

233 2524 286 2584 est
316 2524 351 2585 61
382 2521 597 2599 conveniens,
629 2525 670 2584 ut
694 2522 901 2604 condignam
932 2521 1083 2585 debeant
1106 2521 1233 2586 habere
1256 2519 1353 2584 retri-

233 2610 422 2674 butionem.
470 2609 546 2674 Hoc
577 2611 696 2674 audito
728 2613 764 2675 et
792 2612 829 2673 in
852 2611 999 2675 veritate
1031 2611 1170 2694 cognito
1200 2611 1237 2672 11
1266 2608 1352 2672 urbe
1372 2636 1401 2674 66

232 2698 433 2776 Mediolani,
469 2699 590 2781 ingens
620 2699 774 2776 tristitia,
811 2699 909 2764 dolor
939 2703 975 2763 et
1012 2699 1165 2763 mestitia
1196 2699 1352 2762 concives

232 2787 433 2863 Mediolani,
458 2786 586 2850 milites
610 2791 645 2852 et
669 2788 861 2871 populares,
887 2789 1084 2852 omnimodo
1107 2788 1244 2851 invasit.
1283 2785 1353 2865 Qui

135 2883 212 2937 1231.
232 2875 327 2939 illico
343 2876 395 2938 ira
412 2878 447 2940 et
463 2876 581 2940 dolore
597 2877 796 2960 gravissime
816 2878 978 2941 commoti
996 2877 1185 2942 exercitum
1201 2876 1352 2939 militum

188 2963 189 2966 ’
233 2965 268 3028 61
292 2964 449 3048 peditum
472 2963 601 3028 auxilio
625 2965 813 3029 amicorum
837 2988 956 3030 eorum
980 2987 1083 3051 super
1104 2970 1214 3030 terras
1237 2985 1352 3048 snpra·

233 3053 439 3136 scriptorum
461 3052 585 3131 fecere,
609 3057 649 3117 ut
674 3055 716 3118 de
740 3057 812 3118 tam
833 3056 980 3139 pessimo
997 3059 1033 3119 et
1050 3054 1182 3120 crudeli
1197 3054 1352 3118 facinore
1374 3083 1403 3121 eo

232 3142 423 3206 vindictam
445 3146 586 3226 possent
609 3163 753 3208 sumere.

466 3348 526 3411 De
550 3348 780 3413 obsidione
804 3348 891 3413 loci
916 3347 1122 3412 Olavasii.

113 3505 169 3544 166
178 3507 212 3546 n.
338 3480 569 3544 MOOXXXI.
606 3482 661 3546 die
696 3481 861 3546 Mercurii
895 3482 979 3545 ΧΠ.
1011 3481 1091 3546 Κ61.
1128 3481 1222 3545 11111
1257 3479 1352 3544 mille

232 3570 365 3652 equites
389 3573 425 3633 et
447 3574 596 3652 quatuor
618 3569 716 3634 milia
739 3571 872 3654 pedites
896 3570 1088 3635 Mediolani
1111 3571 1216 3655 equis,
1248 3569 1352 3633 armis

232 3662 267 3722 et
290 3659 484 3742 temptoriis
517 3659 653 3743 egregie
684 3661 861 3743 preparati
877 3660 1061 3728 ,civitatem
1086 3660 1252 3737 exierunt,
1284 3659 1354 3722 iter
1373 3685 1402 3725 66

232 3747 276 3810 ad
298 3754 414 3831 partes
437 3748 670 3831 predictorum
693 3749 997 3831 iniquissimorum,
1029 3750 1074 3812 ed
1100 3753 1210 3813 terras
1234 3768 1352 3812 eorum

230 3935 253 3988 6)
266 3939 375 3988 simplem
390 3949 432 3981 om.
445 3949 477 3986 6.,·
491 3941 609 3978 cernerent
618 3950 662 3988 pro
677 3942 789 3979 certarent
803 3951 845 3980 non
860 3941 910 3978 hene
918 3940 1005 3990 errauit
1014 3941 1136 3979 Burmann
1145 3943 1222 3979 contra
1231 3939 1352 3978 oratiorum

232 3991 438 4040 Codapnelllcnum
460 3992 487 4038 cf.
501 4003 570 4042 supra
584 4003 606 4032 a.
621 3993 681 4043 1216,
696 3994 894 4044 p.cs‚l.11.12,·
915 3994 980 4032 Gesta
993 3994 1121 4034 ch.1.ln
1134 3993 1212 4033 Lomb.
1223 3993 1298 4044 p.45;
1313 3991 1352 4033 ‘N-

230 4043 319 4084 Archio'
333 4045 398 4095 XVI,
408 4045 549 4096 6471466,
563 4047 614 4088 612.
668 4044 690 4099 6)
704 4047 767 4096 impii
780 4058 798 4090 0.

231 4207 258 4272 1)
284 4205 387 4258 Eadem
405 4206 463 4269 fere
480 4207 559 4258 cerba
576 4207 634 4257 vide
652 4208 839 4274 66616634,
859 4207 915 4263 td.
999 4207 1028 4272 2)
1054 4206 1179 4258 Uberum
1203 4207 1234 4258 in
1254 4220 1352 4272 paona
1371 4219 1402 4259 40

230 4278 341 4328 occisum
359 4293 412 4330 6666
429 4277 514 4330 tradit
532 4277 677 4330 Sobiaoina
696 4278 714 4331 l.
734 4278 753 4331 1.
