3118 4840
232 325 422 382 IOHANNIS
442 326 688 382 consertam
705 324 886 382 innatas
903 327 939 385 A.
955 331 1137 386 1189-1192.
1209 332 1241 386 19

126 507 248 574 Parme
282 512 319 574 et
352 511 474 576 tubam
509 512 715 586 habuerunt,
753 514 790 575 et
821 511 860 574 in
893 511 1116 577 Pontremnlo
1150 512 1241 596 ipsos
1261 523 1338 576 1189.

125 597 234 662 victos
258 599 432 664 duxerunt
461 603 497 665 et
526 601 562 664 in
585 619 718 665 carcere
741 599 972 676 recluserunt3
1003 598 1131 664 multos
1160 621 1240 666 vero

127 687 231 750 morti
253 688 481 766 tradiderunt,
506 689 592 754 alios
615 709 696 754 vero
717 691 895 754 troncatos
918 690 963 753 ad
986 692 1141 767 mortem,
1166 689 1240 754 sine

125 796 269 840 numero
292 777 501 858 vulneratos,
533 777 681 862 amplius
712 778 824 842 tribus
856 777 996 842 milibus
1019 799 1080 862 per
1101 799 1241 842 nemora

91 867 163 928 eet
187 864 263 928 loca
286 866 423 930 deserta
444 867 670 950 fugaverunt;
702 886 816 950 equos,
848 886 943 930 arma
965 869 1001 930 et
1024 865 1241 931 *indumenta

13 937 108 988 ΨΜ·
125 953 175 1017 ibi
197 954 435 1036 perdiderunt,
465 959 501 1019 et
522 955 624 1021 victis
653 956 822 1032 omnibus,
853 955 971 1039 spoliis
1000 958 1036 1020 et
1066 955 1161 1038 equis
1191 976 1239 1018 ar-

127 1043 228 1106 matis
269 1043 405 1122 ablatis,
447 1044 556 1108 nichil
596 1043 721 1127 reliqui
761 1047 876 1127 preter
912 1044 1032 1127 fugam
1069 1044 1239 1108 fecerunt.

126 1130 237 1196 Nocte
260 1153 341 1196 vero
364 1132 569 1197 adveniente
593 1133 892 1198 Pontremulenses
914 1131 994 1196 illos
1016 1153 1078 1216 per
1100 1153 1240 1197 nemora

126 1222 162 1283 et
176 1219 254 1284 loca
269 1221 366 1286 arida
380 1221 594 1305 inquirentes
610 1223 652 1286 de
670 1222 718 1287 eis
737 1241 895 1305 magnam
914 1224 1047 1305 partem
1063 1225 1238 1305 ceperunt,

81 1328 108 1366 ιο
126 1312 161 1372 et
183 1309 343 1374 similiter
365 1331 469 1388 arma,
501 1331 607 1393 equos
630 1313 666 1375 et
688 1310 799 1394 spolia
820 1310 1028 1388 habuerunt,
1052 1314 1088 1376 et
1111 1309 1239 1374 multos

125 1397 393 1464 vulneraverunt
423 1404 459 1464 et
487 1399 754 1476 interfecerunt;
789 1401 956 1482 regnante
988 1399 1150 1464 Pederioo
1179 1399 1238 1462 im-

124 1490 292 1570 peratore,
317 1489 376 1570 qui
400 1509 439 1553 eo
457 1492 612 1572 tempore
630 1487 724 1551 ultra
742 1509 834 1552 mare
852 1488 1022 1571 proficisci
1038 1487 1237 1566 festinabat,

126 1577 161 1638 et
196 1576 423 1642 existentibus
459 1577 657 1642 consulibus
692 1575 821 1642 Oberto
856 1577 899 1641 de
933 1576 1048 1653 Porta,
1084 1575 1238 1642 Clavello

125 1661 265 1742 Odeum,
305 1666 480 1730 Antonio⁸
516 1667 559 1731 de
593 1666 708 1742 Porta,
747 1665 876 1730 Iacobo
913 1664 1051 1742 stricto,
1092 1663 1238 1730 Girardo

80 1772 106 1811 1⁶
124 1752 314 1831 Ardeaono,
339 1753 469 1819 Oberto
492 1748 662 1833 (ansehn,
686 1755 854 1819 Maaucho
878 1754 1124 1820 Leceacorv00.

231 1842 494 1922 MCLXXXXL
518 1844 708 1908 indictione
723 1865 824 1919 nona,
849 1863 965 1908 mense
981 1842 1132 1927 Aprilis¹
1151 1843 1238 1907 obiit
1257 1823 1334 1940 ff

125 1951 213 2014 papa
237 1930 405 2011 Clemens
431 1935 467 1998 et
490 1933 644 1998 elevatus
666 1933 736 1998 fuit
760 1953 849 2016 papa
872 1931 1077 1998 Celestinus.

230 2019 296 2085 Die
326 2022 423 2086 Lune
452 2021 528 2085 XV.
559 2023 712 2087 eiusdem
742 2022 868 2087 mensis
894 2020 1024 2104 Aprilis
1054 2023 1237 2084 coronatus
1256 2043 1353 2092 aare.

123 2108 193 2171 fuit
215 2129 275 2173 rex
298 2111 446 2175 Amicus
472 2106 608 2195 [apuddl
632 2111 787 2174 Romam.

77 2216 105 2255 ro
230 2197 296 2262 Die
312 2199 483 2263 dominico
500 2200 645 2282 septimo
662 2199 787 2262 mensis
802 2198 886 2261 Iulii
900 2198 1046 2280 proximi
1063 2197 1236 2280 sequentis
1255 2220 1298 2263 az.
1308 2223 1327 2263 r.

123 2283 370 2352 Cremonenses
394 2287 566 2352 disconfiti
580 2287 725 2350 inerunt
740 2307 761 2349 a
775 2286 1013 2350 Brixiensibus
1027 2285 1065 2348 in
1079 2285 1235 2370 partibus

123 2372 296 2439 Cividarie
325 2376 423 2438 iuxta
452 2375 593 2438 fluvium
617 2372 697 2458 Ogii
727 2378 763 2438 et
791 2375 920 2438 mortui
943 2377 978 2439 et
1000 2374 1115 2438 necati
1138 2377 1233 2452 sunt;

123 2462 184 2525 alii
199 2483 289 2540 vero,
313 2464 373 2546 qui
388 2484 535 2540 evasere,
550 2483 658 2546 usque
675 2462 877 2528 Cremonam
893 2464 1075 2547 fugerunt3
1100 2465 1136 2528 et
1150 2465 1234 2527 tunc

122 2549 160 2613 in
182 2551 355 2616 adiutorio
379 2573 495 2617 eorum
519 2552 763 2636 Pergamenses
786 2553 922 2616 iverant
930 2552 952 2628 ²,
983 2553 1018 2616 et
1048 2552 1113 2616 hoc
1141 2553 1234 2617 idem

74 2639 281 2704 assimiliter
303 2640 589 2724 Pergamensibus
613 2641 770 2724 contigit.
810 2639 900 2705 *Hoc
923 2640 1043 2704 audito
1066 2661 1086 2704 a
1107 2641 1234 2705 Medio·
1254 2663 1338 2712 aa».

121 2727 320 2793 lunensibus
343 2737 379 2794 et
402 2751 422 2792 a
437 2729 659 2808 Placentinis,
683 2731 742 2812 qui
765 2730 802 2793 in
817 2729 990 2794 adiutorio
1005 2729 1234 2794 Brixiensium

120 2816 229 2892 ibant,
260 2819 379 2882 statim
409 2819 518 2902 captis
549 2818 652 2882 armis
675 2818 759 2882 illuc
782 2819 844 2883 ubi
867 2819 1049 2883 disconfita
1070 2819 1140 2882 fuit
1163 2839 1234 2883 cur-

120 2909 251 2969 rerunt.
290 2906 358 2972 sed
381 2906 627 2972 Cremonenses
651 2911 687 2972 et
709 2907 955 2991 Pergamenses
978 2908 1047 2972 iam
1069 2908 1234 2991 fugerant

121 2996 157 3058 et
182 2999 409 3073 recesserant;
439 2996 552 3061 multa
573 3017 653 3061 vero
684 2997 850 3062 cadavera
880 3017 921 3061 ex
950 2997 1106 3080 predicto
1128 2996 1233 3060 fluvio

73 3105 101 3143 eo
119 3082 189 3145 iam
212 3086 367 3148 extracta
388 3085 438 3149 ibi
460 3085 632 3150 invenere.
671 3084 718 3149 Et
739 3089 823 3150 tunc
843 3085 1026 3150 castellum
1040 3085 1233 3150 Romanum

120 3174 156 3234 et
171 3170 480 3238 Curtem⁰·novem
499 3177 536 3238 et
554 3174 665 3238 multa
680 3173 750 3238 alia
763 3174 841 3238 loca
857 3174 1050 3239 Brixienses
1067 3176 1232 3257 ceperunt

119 3263 155 3323 et
178 3261 421 3326 destruxerunt
444 3265 480 3328 et
501 3263 575 3328 iere
598 3265 712 3327 totum
728 3262 966 3334 commitatum
981 3263 1140 3346 Pergami
1157 3282 1231 3325 con—

117 3347 507 3517 ΜΒθῃῖινῗὲοΙιὶζΧΧΧΙΙ,
538 3440 727 3504 indictione
756 3440 799 3518 X,
833 3439 888 3503 die
918 3439 1081 3504 Mercurii
1102 3430 1227 3501 VIII·f
1249 3418 1340 3531 iffa.

68 3645 97 3685 35
116 3645 139 3695 a)
150 3644 265 3687 Antonino
278 3649 430 3696 corriaendum
444 3648 535 3687 coortis
548 3649 600 3696 Rea.
611 3648 705 3697 orandis
718 3648 812 3690 Placent.
826 3648 883 3690 Pau.
931 3648 954 3696 b)
966 3646 1045 3696 anethi
1055 3657 1072 3688 c.
1116 3649 1137 3695 o)
1150 3647 1230 3689 amad.

116 3699 187 3748 Poll„·
201 3700 319 3741 leccatorio
333 3712 350 3744 c.
397 3699 421 3750 d)
434 3701 465 3740 stc
478 3699 547 3754 (apud
561 3702 638 3741 urbem
652 3701 688 3749 R.)
701 3701 731 3749 P,·
747 3711 814 3744 om.c.
867 3703 888 3750 e)
902 3702 933 3740 sic
946 3700 1131 3750 colamnam,
1147 3701 1229 3749 Manae

116 3763 134 3791 c.
145 3753 192 3801 224,
207 3757 226 3792 st
239 3754 318 3798 chron.
332 3755 403 3793 motus
412 3766 437 3804 p.
446 3755 499 3802 vit,-
513 3757 598 3794 currem
607 3765 624 3797 c.
678 3753 697 3805 f)
711 3755 790 3798 mord.
804 3755 899 3802 11.·Br.;
913 3753 966 3796 IIII.
980 3764 998 3793 c.

116 3941 144 4005 1)
173 3940 233 3991 Non
257 3942 325 3992 sata
345 3946 427 4008 patet,
453 3956 504 4007 quo
527 3941 569 3993 dic
588 3941 705 3994 Clemens
730 3941 830 4010 obierit,
849 3941 948 4008 procul
963 3941 1043 3993 dubio
1066 3955 1127 3994 vcro
1144 3956 1229 3992 mnae

114 4011 220 4062 Martio
237 4019 352 4066 mamito.
425 4011 454 4080 2)
475 4011 660 4066 Cranencnsce
675 4015 765 4080 potine
782 4014 811 4064 in
828 4013 994 4064 adiutorium
1012 4012 1228 4077 Perqomeneiam

64 4100 95 4138 40
114 4086 209 4133 omaro
227 4083 382 4134 Bricicnecs
395 4084 514 4150 profecti
529 4088 614 4148 mant,
633 4088 663 4134 ut
681 4084 753 4138 Ana.
774 4083 891 4138 Cromen.
910 4083 1049 4146 referant·
1066 4083 1101 4146 cf.
1120 4081 1230 4134 sicardi

115 4152 215 4211 Orous
232 4154 304 4204 Ana.
317 4155 408 4218 Bria,
426 4155 511 4206 Notae
522 4153 549 4208 S.
565 4155 676 4220 Ceoryc'i
691 4159 715 4206 ct
726 4154 798 4208 Anu.
811 4155 916 4208 Mediol.
928 4156 1003 4218 min,
1021 4153 1098 4206 Mem.
1111 4153 1226 4219 Medici,

113 4223 163 4277 SS.
182 4223 294 4288 XVIII,
315 4241 345 4290 p.
357 4227 412 4279 814
423 4241 461 4291 sq.
487 4227 548 4280 387.
572 4227 632 4281 396.
651 4227 720 4293 400;
747 4242 853 4279 carmen
877 4225 974 4277 editum
999 4225 1029 4276 In
1054 4223 1144 4278 ‘Arcln
1162 4229 1226 4278 sior.

112 4295 188 4348 Ital!
207 4291 289 4360 1111),
304 4311 334 4360 p.
347 4297 383 4350 20
394 4312 466 4362 sqq.;
484 4296 541 4350 Ich.
560 4297 591 4349 dc
609 4297 711 4349 Macrin
728 4297 774 4356 col,
787 4299 840 4353 456
852 4314 889 4364 oq,

980 4401 1014 4457 2*
