3112 4856
412 275 602 331 IOHANNIS
621 275 870 330 OODAGNELLI
888 274 1069 330 ANNALES
1088 276 1124 332 A.
1139 280 1216 332 1229.
1337 281 1370 332 91

252 461 440 537 diffidavit3
477 461 521 524 ad
551 481 653 543 quem
682 461 869 525 terminum
900 461 944 524 ad
975 461 1048 524 eius
1079 461 1286 544 presentiam
1313 461 1371 523 mi·
1391 467 1470 521 122⁹.

251 550 365 613 nime²
404 550 625 627 accedentes,
665 571 728 613 sua
765 552 929 633 precepta
967 549 1081 613 facere
1120 542 1370 631 negliseruntl.

254 639 353 702 Unde
383 639 456 723 ipse
487 641 640 722 potestas
674 640 738 702 hoc
768 641 960 702 commotus
989 638 1084 702 illico
1113 658 1173 721 per
1195 639 1370 702 civitatem

251 727 337 792 fecit
371 728 560 811 preconari,
596 731 637 790 ut
671 730 742 790 tam
779 726 962 810 populares
997 748 1099 810 quam
1135 726 1276 798 milites,
1313 727 1372 810 qui

216 817 355 880 sarmis
393 820 429 880 et
468 817 563 898 equis
598 820 697 880 erant
732 815 916 900 preparati,
955 816 1068 899 ipsum
1098 816 1372 899 persequendum

252 910 360 981 esse0,
392 925 469 969 cum
499 926 561 969 sua
591 905 754 969 audirent
783 905 892 988 signa.
946 904 1113 969 Similiter
1142 905 1283 968 nuntios
1311 925 1372 988 per

255 995 431 1059 Placentie
454 994 648 1058 districtum
682 993 818 1069 direxit,
848 997 889 1056 ut
918 994 1031 1069 armis,
1063 995 1169 1076 equis,
1198 994 1370 1067 maneriis,

252 1083 429 1147 securibus
454 1086 489 1148 et
513 1083 590 1146 aliis
612 1083 815 1147 feramentis
843 1104 904 1165 pro
928 1086 1052 1165 guasto
1075 1083 1236 1147 faciendo
1259 1102 1371 1146 ncces·

252 1173 350 1235 soriis
380 1176 494 1237 essent
524 1173 646 1255 aptati.
693 1173 760 1235 Die
784 1172 876 1235 Iovis
900 1172 943 1234 X.
968 1171 1094 1236 mensis
1117 1171 1225 1235 Madii
1257 1174 1292 1234 et
1316 1171 1490 1237 diemaro.

208 1282 233 1320 ιο
252 1262 396 1326 Veneris
419 1262 574 1344 proximo
599 1261 751 1325 civitatis
774 1259 957 1344 populares
981 1260 1075 1324 tubis
1099 1264 1135 1324 et
1150 1260 1371 1324 tintinabulis
1392 1285 1490 1326 aaran.

252 1351 380 1414 auditis
405 1351 524 1414 statim
548 1350 723 1414 civitatem
749 1350 923 1425 exierunt3
948 1352 1050 1414 nocte
1075 1349 1280 1414 adveniente
1297 1349 1371 1413 Pla·

252 1440 365 1504 centie
389 1439 517 1503 milites
536 1459 594 1503 eos
610 1433 803 1523 persecuti‘i
822 1438 977 1501 fuerunt.
1012 1438 1086 1502 Iter
1102 1459 1237 1521 quoque
1254 1458 1369 1502 eorum

251 1549 368 1592 versus
393 1528 540 1592 Bobium
565 1528 776 1592 direxerunt.
823 1527 889 1590 Die
913 1529 1028 1590 autem
1058 1527 1194 1590 sabbati
1217 1527 1371 1610 proximo
1394 1552 1491 1593 narra.

253 1638 329 1680 curn
347 1617 428 1680 viris
452 1617 652 1680 extrinsecis
676 1637 711 1680 se
728 1615 1024 1681 coadunantibus⁰
1041 1615 1078 1677 in
1094 1619 1221 1680 terram
1237 1637 1371 1699 quoque

208 1726 233 1764 15
253 1705 354 1769 Bobii
377 1707 558 1781 intrantes,
584 1705 750 1769 desubtus
766 1727 787 1768 a·
802 1704 887 1768 villa
902 1704 1028 1768 Sancte
1044 1705 1154 1768 Marie
1170 1708 1206 1769 et
1223 1705 1371 1788 Degarie

252 1815 314 1858 sua
337 1797 527 1879 posuerunt
550 1797 672 1858 castra.
712 1795 763 1857 Ea
786 1815 866 1858 vero
890 1793 946 1858 die
969 1796 1103 1875 segetes
1126 1799 1162 1858 et
1185 1794 1370 1876 legumina,

251 1885 370 1948 vineas
394 1887 430 1948 et
453 1884 601 1961 arbores,
633 1904 699 1967 que
723 1882 853 1946 inillis
878 1883 1022 1947 aderaut
1049 1883 1215 1966 partibus,
1248 1883 1372 1947 conbu-

252 1976 372 2037 serunt
402 1976 438 2037 et
468 1973 670 2056 depopulati
699 1973 854 2036 fuerunt.
901 1971 968 2036 Die
996 1972 1100 2035 etiam
1125 1971 1298 2036 dominica
1319 1992 1372 2036 ve·
1391 1997 1497 2040 narra.

252 2063 364 2126 nienti
387 2066 525 2145 sumpto
549 2066 635 2146 potu
658 2065 694 2126 et
710 2062 797 2139 cibo,
822 2081 904 2125 voce
921 2061 1076 2144 preconis
1093 2061 1222 2137 audita,
1248 2061 1372 2124 armati

207 2173 235 2211 so
253 2154 288 2214 et
311 2150 471 2215 asclerati
495 2151 539 2214 ad
563 2150 743 2234 planitiem
767 2151 866 2213 iuxta
889 2149 1037 2213 Bobium
1061 2169 1202 2233 pergere
1232 2150 1372 2213 festina-

252 2243 387 2314 verunt,
419 2239 624 2303 affectantes
654 2239 772 2302 vincas
802 2242 836 2303 et
864 2242 1007 2320 segetes,
1039 2231 1236 2320 leguminaf
1264 2242 1299 2302 et
1323 2259 1371 2302 ar·

253 2328 352 2391 bores
375 2328 527 2391 incidere
551 2330 587 2391 et
611 2327 800 2391 conburere
824 2330 859 2391 et
883 2327 1098 2410 suppeditari
1122 2330 1157 2390 et
1173 2327 1290 2390 omnia
1306 2347 1371 2409 que

253 2421 352 2480 erant
383 2417 472 2480 circa
503 2416 679 2480 civitatem
707 2415 912 2499 depopulari
935 2418 970 2478 et
992 2437 1062 2479 non
1086 2415 1198 2478 solum
1220 2416 1372 2480 incidere

253 2508 289 2568 et
305 2505 518 2588 depopulari,
537 2526 653 2569 verum
671 2506 776 2568 etiam
793 2505 968 2568 civitatem
984 2504 1132 2568 viriliter
1149 2503 1370 2587 *expugnare
1392 2529 1421 2576 ν.
1431 2529 1476 2571 οτι.

208 2616 235 2655 rs
253 2593 419 2658 Videntes
449 2597 566 2658 autem
592 2594 778 2659 Bsbienses
808 2593 851 2656 ab
874 2594 1014 2676 incepto
1046 2594 1209 2657 desistere
1233 2594 1371 2657 Placen-

253 2683 345 2746 tinos
368 2683 472 2759 nolle,
498 2683 558 2746 sed
574 2684 683 2765 magis
699 2703 739 2746 ac
756 2683 865 2765 magis
880 2701 998 2746 versus
1014 2683 1188 2746 civitatem
1206 2682 1372 2747 velociter

253 2774 452 2854 pergentes,
498 2775 675 2854 tamquam
712 2772 779 2835 viri
823 2771 1011 2855 prudentes
1056 2773 1218 2854 guastum
1260 2792 1371 2854 neque

142 2875 233 2926 *nate
253 2861 441 2944 dampnum
465 2861 536 2926 sive
566 2862 632 2926 hoo
655 2861 885 2925 infortunium
910 2860 1080 2925 sustinere
1103 2860 1270 2935 nolentes,
1301 2860 1372 2924 *ha-

253 2949 326 3013 bito
357 2951 495 3033 quidem
526 2951 699 3027 conscilio,
732 2949 890 3014 consules
914 2949 1015 3014 Bobii
1044 2953 1080 3015 et
1110 2950 1263 3014 eiusdem
1295 2950 1372 3013 civi-

208 3054 234 3092 ³0
251 3039 336 3102 tatis
360 3039 567 3103 consciliarii
597 3044 694 3104 extra
724 3040 901 3103 civitatem
932 3042 1096 3104 exeuntes
1126 3039 1171 3102 ad
1194 3039 1372 3102 Placentie

253 3130 436 3210 potestatis
452 3130 660 3212 presentiam
678 3149 713 3192 se
729 3131 1063 3211 representaverunt‚
1081 3128 1194 3211 parati
1209 3132 1373 3211 precepta

253 3218 436 3298 potestatis
470 3218 666 3280 omnimode
701 3217 825 3279 iurare.
880 3215 956 3294 Quo
984 3217 1079 3280 facto
1114 3217 1187 3299 ipse
1220 3219 1372 3300 potestas

254 3304 416 3367 conscilio
441 3306 694 3369 communicato
718 3308 754 3369 et
778 3305 969 3368 deliberato
992 3305 1141 3368 virorum
1162 3305 1371 3388 sapientium

252 3392 344 3474 ipsos
369 3393 555 3457 Bobienses
579 3395 615 3457 in
640 3393 840 3457 defensione
857 3394 986 3476 pariter
1002 3396 1038 3456 et
1054 3393 1268 3476 protectione
1286 3414 1372 3456 com·

208 3481 366 3544 saunis
404 3482 583 3547 Placentie
628 3483 768 3566 recepit.
832 3481 900 3560 Qui
937 3482 1066 3545 ibidem
1105 3481 1161 3544 die
1200 3482 1373 3547 dominica

252 3568 382 3633 XIlI.g
415 3571 540 3635 mensis
564 3571 674 3635 Madii
698 3571 742 3635 ad
766 3571 983 3636 intellectum
1019 3570 1202 3654 potestatis
1232 3573 1268 3636 et
1298 3571 1371 3636 sine
1392 3602 1491 3644 aaran.

253 3659 369 3741 aliqua
399 3659 597 3725 conditione
625 3664 788 3744 precepta
818 3660 1001 3742 potestatis
1025 3662 1061 3724 et
1085 3661 1274 3724 communis
1298 3660 1372 3724 Pla-

253 3749 366 3813 centie
400 3749 531 3833 precise
559 3749 771 3814 iuraverunt.
824 3748 902 3813 Hoc
930 3748 982 3811 ita
1012 3753 1153 3833 peraeto
1182 3750 1372 3814 referamus

252 3837 381 3919 gratias
398 3837 546 3915 Christo,
572 3859 675 3921 aquo
700 3841 826 3901 cuncta
848 3838 1049 3922 procedunt,
1074 3841 1110 3902 et
1134 3839 1207 3902 sine
1231 3859 1298 3920 quo
1321 3839 1372 3902 nil

206 4091 234 4128 40
252 4093 275 4141 a)
289 4093 342 4135 min,
355 4093 396 4131 hoc
410 4093 455 4130 loco
465 4093 540 4140 posuit
554 4092 630 4137 Portas
643 4101 701 4140 pres.
715 4101 761 4131 aco.
775 4102 816 4130 sua
830 4101 890 4140 pree.
904 4092 947 4133 fae,
960 4091 1052 4131 minime
1065 4103 1082 4134 c.
1123 4092 1146 4139 b)
1159 4092 1190 4130 sir
1204 4102 1220 4134 c.
1262 4093 1282 4139 c)
1295 4093 1326 4130 sir
1340 4103 1373 4142 ας

252 4146 279 4192 cf.
294 4146 357 4193 intra
365 4146 434 4194 μθῖ,
448 4146 495 4184 Η,
551 4142 574 4193 d)
588 4146 604 4187 ι’.
618 4155 637 4185 e.
652 4146 776 4194 prosecuti3
792 4149 898 4194 tctrupra
912 4146 956 4188 ab.
1011 4148 1033 4193 e)
1051 4143 1201 4185 coadunantes
1216 4146 1371 4185 emendandum

252 4209 296 4237 aare
308 4200 396 4241 conicio.
449 4199 467 4245 s)
481 4199 585 4249 legimiua
599 4210 617 4238 c.
672 4197 694 4247 g)
708 4198 759 4240 xll.
768 4209 785 4241 c.
