3118 4840
353 239 543 295 IOHANNJS
561 240 807 296 OODAGNMLLI
826 241 1007 296 ANNALES
1025 243 1060 300 A.
1075 246 1153 300 1215.
1276 249 1311 302 49

192 425 378 508 sperabant
394 425 512 488 divina
527 425 685 509 potentia
700 428 736 489 et
752 425 878 488 civium
890 425 1067 489 Placentie
1084 427 1309 508 protectione,
1330 434 1407 488 1215.

192 513 251 595 qui
275 513 436 577 domurna
459 535 521 597 pro
545 514 696 578 civitatis
719 514 912 578 munitione
934 518 1181 590 remanserant,
1206 518 1310 597 atque

193 595 412 666 Florenzoleb
451 605 487 666 et
522 601 809 684 Casiri-Arquati
847 605 883 666 et
918 602 1159 686 sagitariorum
1195 603 1309 667 *vallis
1329 627 1414 675 *rau

191 690 284 753 Tarii
318 690 456 766 auxilio,
492 691 552 774 qui
586 692 630 755 ad
665 691 843 755 civitatem
874 690 968 754 illico
1001 697 1228 770 accesserunt,
1265 694 1309 756 ad

154 801 167 838 s
192 780 295 843 finem
319 779 506 862 perducere
529 779 670 843 minime
694 784 892 862 potuerunt.

297 866 469 945 MCOXV,
486 868 678 932 indictione
693 868 808 945 tertia,
826 869 882 932 die
898 868 991 931 lovis
1003 867 1086 931 VII.
1103 868 1183 933 Kal.
1201 869 1304 932 Iulii⁰
1328 895 1419 938 ruera

191 956 319 1021 milites
348 956 521 1022 Placentie
552 957 795 1041 equitaverunt
824 958 861 1020 in
891 961 1020 1020 terram
1044 957 1150 1040 Papie
1174 961 1210 1021 et
1234 978 1310 1022 con-

190 1045 358 1108 buserunt
382 1046 529 1128 burgum
554 1049 589 1110 et
612 1045 730 1109 villam
747 1045 937 1110 Siuriaschi
960 1050 995 1111 et
1019 1046 1131 1110 multa
1149 1045 1218 1109 alia
1232 1045 1310 1110 loca

190 1135 435 1198 destruxerunt
464 1139 500 1198 et
524 1135 774 1212 conbuserunt;
810 1135 953 1219 predam
983 1155 1118 1218 quoque
1148 1155 1308 1219 magnam

145 1223 316 1286 1obovum
347 1226 382 1286 et
411 1245 572 1287 vacarum
603 1226 639 1288 et
669 1222 814 1287 aliarum
844 1223 1034 1287 bestiarum
1063 1227 1099 1288 et
1129 1223 1307 1288 hominum

190 1314 356 1394 ceperunt
373 1316 408 1376 et
423 1312 504 1376 inde
521 1313 704 1377 duxerunt.
744 1312 825 1376 Alia
839 1333 920 1376 vero
939 1311 1017 1376 die1
1032 1311 1308 1377 Mediolanenses
1327 1337 1417 1381 ruane.

188 1403 261 1462 tam
300 1400 428 1464 milites
466 1421 568 1483 quam
608 1401 741 1484 pedites
779 1401 917 1465 iverunt
950 1401 989 1463 in
1024 1400 1234 1464 Lumilinam
1273 1403 1308 1464 et

189 1493 340 1552 castrum
365 1487 543 1552 Oarlaschi
566 1489 719 1573 pervim
744 1491 910 1572 ceperunt
938 1492 973 1553 et
998 1488 1240 1566 conbuserunt,
1271 1490 1308 1552 in

189 1597 256 1659 quo
286 1577 486 1641 habuerunt
516 1582 552 1641 et
582 1581 748 1661 ceperunt
780 1576 864 1641 000
896 1578 1053 1642 homines
1084 1581 1119 1641 et
1151 1577 1239 1661 plus,
1271 1581 1307 1641 et

144 1688 169 1727 15
188 1666 329 1748 predam
360 1666 576 1730 indefinitam
608 1666 734 1730 bovum
765 1670 801 1730 et
825 1687 984 1730 vacarum
1017 1670 1053 1730 et
1083 1666 1230 1730 aliarum
1253 1666 1307 1730 be·

187 1755 332 1818 stiarum
356 1755 436 1819 inde
460 1755 643 1820 duxerunt.

294 1843 424 1907 Eodem
455 1865 571 1908 mense
602 1863 715 1908 comes
745 1843 948 1907 Thomasius
979 1845 1021 1907 de
1052 1843 1201 1927 Sabogia
1231 1864 1306 1907 con·
1326 1871 1444 1921 runco).

187 1932 339 1995 cordiam
374 1937 410 1996 et
445 1934 645 1997 societatem
680 1932 767 1997 fecit
805 1952 882 1996 cum
918 1931 1236 1996 Mediolanensibus
1271 1935 1306 1997 et

187 2020 497 2085 Vercellensibus2.

141 2134 168 2172 so
294 2109 360 2174 Die
384 2110 556 2173 dominico
579 2111 700 2193 quinto
725 2110 780 2174 die
805 2110 930 2174 mensis
953 2109 1039 2171 Iulii
1058 2107 1305 2173 Cremonenses
1325 2137 1397 2178 ras.

186 2200 258 2261 tam
282 2198 411 2262 milites
434 2218 537 2280 quam
561 2199 695 2281 pedites
719 2218 797 2261 cum
820 2197 1055 2281 papilionibus
1079 2201 1115 2262 et
1130 2197 1305 2261 travachis

186 2288 222 2349 et
254 2285 389 2349 eariolis
419 2286 638 2350 intraverunt
667 2287 704 2348 in
734 2289 862 2350 terram
893 2285 1072 2349 Placentia
1103 2289 1139 2350 et
1168 2286 1306 2350 iverunt

187 2373 230 2436 ad
271 2373 435 2437 Sanctum
475 2374 710 2453 Laurentium,
750 2395 850 2456 quem
891 2374 1005 2437 locum
1044 2374 1232 2438 credebant
1270 2378 1306 2438 et

187 2461 373 2545 sperabant
402 2483 463 2546 per
485 2463 554 2525 vim
585 2482 683 2546 posse
706 2463 833 2526 habere
865 2467 901 2527 et
923 2482 1062 2545 capere;
1099 2463 1158 2526 sed
1189 2462 1306 2526 divina

140 2574 167 2614 ss
186 2550 421 2614 misericordie
444 2555 479 2616 et
502 2552 632 2615 virtute
656 2554 760 2633 atque
784 2551 913 2615 auxilio
932 2550 1083 2614 militum
1106 2555 1142 2616 et
1166 2550 1306 2634 sagitta·

185 2639 323 2716 riorum,
341 2639 401 2722 qui
412 2639 507 2703 illico
519 2641 563 2703 ad
575 2639 655 2702 illas
670 2642 786 2723 partes
802 2644 1021 2704 accesserunt
1037 2643 1072 2704 et
1088 2643 1304 2717 currerunt&

185 2729 229 2790 ad
253 2728 446 2810 predictum
472 2728 586 2793 locum
610 2728 772 2793 accedere
795 2729 936 2793 minime
960 2729 1035 2792 ausi
1058 2729 1219 2806 fuerunt;
1244 2730 1305 2794 sed

183 2816 357 2882 vulnerati
381 2821 416 2882 et
440 2817 545 2882 etiam
569 2817 684 2901 plures
708 2819 837 2881 mortui
852 2837 1037 2894 recessere;
1063 2820 1099 2882 et
1121 2822 1206 2882 tunc
1229 2837 1305 2882 oon·

184 2905 351 2970 buserunt
374 2927 534 2990 graneam
560 2907 602 2970 de
625 2906 832 2970 Mornascho
856 2907 958 2971 etde
982 2905 1142 2971 Saliceta.

140 3019 166 3058 so
291 2995 357 3059 Die
385 2995 527 3060 Veneris
562 2993 639 3058 XV.
670 2995 750 3059 Kal.
781 2997 870 3078 Aug.
902 2995 1071 3078 proximi³
1104 2994 1233 3059 milites
1268 2998 1304 3058 et
1323 3016 1472 3065 annino.

183 3083 317 3164 pedites
334 3083 376 3147 de
392 3085 504 3148 tribus
520 3084 629 3167 portis
645 3083 836 3148 Mediolani
851 3105 931 3148 cum
946 3083 1092 3160 cariolis,
1112 3083 1302 3166 manganis,

61 3198 164 3248 uana
183 3172 351 3254 predariis
367 3176 403 3236 et
415 3173 536 3236 castris
548 3172 747 3255 lignaminis
764 3172 930 3237 *mirabili
946 3173 1048 3235 modo
1066 3170 1303 3236 ”constructis
1322 3193 1406 3240 snae.

183 3260 326 3323 servicio
344 3260 616 3324 Vercellensium
632 3261 676 3323 ad
693 3261 869 3324 civitatem
885 3259 1122 3324 Vercellarum
1146 3279 1207 3342 pro
1227 3258 1303 3322 loco

184 3343 542 3412 Oasalis·Evitasii‘¹·⁴
571 3348 761 3412 obsidendo
794 3352 830 3412 et
865 3349 1095 3433 expugnando
1126 3367 1301 3432 perexere;

139 3463 164 3501 ss
183 3437 243 3518 qui
265 3437 394 3501 ibidem
417 3457 494 3502 cnm
520 3437 645 3501 comite
670 3437 712 3501 de
729 3437 887 3520 Sabogia,
912 3438 1023 3521 quiin
1039 3457 1157 3501 eorum
1173 3435 1302 3500 auxilio

182 3662 205 3708 s)
218 3663 249 3700 sic
262 3673 279 3704 c.
333 3661 356 3712 b)
371 3663 451 3704 emend.
465 3662 557 3710 Η.-Βν.,·
576 3662 703 3702 ῆοτοιοῑιω
717 3675 734 3704 c.
780 3662 801 3714 c)
815 3663 934 3712 emendavi,
950 3666 973 3700 ut
987 3663 1032 3700 iam
1044 3661 1126 3705 IL-Br.
1140 3663 1235 3710 coniecit,
1250 3673 1302 3700 nam

182 3715 233 3754 Iun.
247 3715 282 3754 25.
302 3716 345 3763 suu
364 3716 600 3765 antesistens,
620 3716 677 3754 Maii
690 3717 723 3759 26.
740 3717 783 3763 Μ
802 3718 848 3755 dies
862 3716 949 3764 Martis,
969 3726 1010 3765 quo
1030 3716 1066 3754 die
1080 3716 1127 3753 alia
1141 3726 1156 3753 a
1170 3715 1302 3754 Placentinis

180 3773 241 3816 posta
259 3779 303 3807 esse
320 3780 390 3818 aspra
403 3769 496 3808 rnatum
514 3774 556 3818 σθω
574 3770 603 3817 cs.
618 3781 640 3811 n.
651 3771 675 3819 l;
695 3770 751 3808 lunii
765 3781 785 3812 c.
837 3767 861 3820 d)
878 3770 910 3808 sie
923 3780 952 3818 c.;
971 3769 1049 3809 Sancti
1066 3768 1145 3808 Evasit
1161 3779 1209 3807 cum
1221 3768 1301 3812 Η.-Βν,

182 3823 295 3860 mendara
308 3823 376 3872 nolui,
390 3834 438 3861 oum
452 3827 471 3862 et
484 3822 548 3869 infra
562 3835 583 3866 a.
597 3823 657 3866 1230.
670 3832 746 3860 nomen
760 3823 824 3861 nutus
838 3823 881 3860 loci
894 3826 1020 3871 corruptum
1034 3823 1125 3870 hamur.

138 4000 209 4064 401)
236 4000 297 4050 Iam
321 4000 363 4052 die
381 4001 443 4054 Iun.
463 4001 505 4053 24.
532 4000 741 4052 Mediolanenses
764 3999 889 4052 Ticinum
914 4001 1026 4064 fluvium
1051 4000 1192 4050 transiisse
1216 3999 1301 4050 Notae

182 4069 210 4120 S.
230 4071 341 4136 Georgii
364 4070 472 4124 Medici.
500 4072 516 4124 l.
537 4071 555 4122 l.
579 4072 712 4135 referunt.
750 4070 792 4135 Cf.
819 4073 892 4125 Ann.
918 4070 1026 4124 Medici.
1053 4071 1169 4122 minores
1188 4087 1219 4137 p.
1239 4071 1299 4124 398.

181 4142 209 4206 2)
227 4141 292 4191 Vide
303 4148 394 4192 witus
406 4142 485 4193 datos
497 4142 559 4195 Iun.
572 4144 616 4195 20.
629 4143 673 4204 22,
685 4141 749 4207 Req.
763 4141 831 4209 Imp.
846 4143 876 4207 V,
890 4157 934 4195 nr.
946 4143 1040 4197 12476.
1056 4142 1152 4196 12477.
1204 4141 1231 4208 3)
1245 4142 1299 4194 Iul.

183 4213 224 4266 18.
243 4212 300 4274 fuit
318 4227 344 4266 a.
359 4214 435 4266 1215.
454 4212 599 4266 sabbatam.
656 4215 683 4280 4)
703 4213 778 4276 Quod
789 4214 845 4277 fnit
856 4213 1021 4264 marchionis
1032 4212 1063 4265 de
1075 4212 1299 4274 Monte-ferrato.

235 4314 393 4366 codugnsllus.
1051 4321 1069 4374 4
