3118 4840
351 335 540 391 IOHANNIS
559 337 805 393 CODAGNMLLI
824 337 1005 393 ANNALllS
1023 342 1060 395 A.
1075 343 1151 396 1208.
1277 345 1312 396 35

189 519 255 602 ipsi
272 518 518 585 Cremonenses
541 526 623 585 sunt
642 521 796 586 exaltati.
836 522 991 586 Soientes
1007 523 1099 586 enim
1116 522 1310 588 Brixienses
1329 536 1407 592 1208.

188 607 382 692 predictum
407 610 640 675 iuramentum
662 610 795 688 iecisse,
824 611 905 676 inde
927 611 1097 674 tristiciaa
1123 614 1160 676 et
1183 632 1309 695 magno

190 695 308 761 dolore
332 700 504 776 commoti,
536 699 704 764 auxilium
735 701 922 764 amisorum
953 720 1081 773 eorum,
1113 700 1309 783 specialiter

68 831 169 878 *pm
190 786 398 851 marchionis
421 788 547 852 Anonis
578 788 621 852 de
645 788 727 852 Este
758 788 975 873 postulantes
986 788 1006 860 ¹,
1037 789 1096 870 qui
1112 783 1304 853 Veronaml
1360 841 1362 850 .

153 898 167 938 s
189 883 225 938 et
248 874 422 940 Ferariam
446 877 598 953 tenebat,
623 880 659 941 et
684 877 782 960 *quas
805 878 842 940 in
865 877 1031 960 preterito
1055 898 1146 940 anno
1169 878 1308 943 iraudu-

188 963 302 1029 lenter
331 969 367 1028 et
390 965 481 1029 malo
511 966 631 1030 ordine
655 969 917 1050 occupaverat⁰,
948 985 1113 1048 magnum
1142 967 1209 1049 ipsi
1232 965 1309 1032 Cre-

189 1073 368 1117 monenses
398 1058 670 1138 preparaverunt
699 1055 904 1132 exereitum3
941 1054 1085 1119 oariolas
1113 1075 1248 1138 quoque
1271 1058 1309 1120 in

189 1141 366 1206 civitatem
390 1141 557 1208 Cremona
579 1144 696 1208 venire
719 1144 888 1221 fecerunt,
920 1144 957 1207 in
984 1147 1112 1209 terram
1136 1143 1308 1208 dictorum

189 1228 417 1295 Brixiensium
448 1231 623 1298 hostiliter
654 1234 785 1296 intrare
816 1237 852 1298 et
881 1232 998 1297 omnia
1027 1233 1205 1298 devastare
1235 1255 1308 1316 pro·

143 1347 170 1384 ιο
188 1323 365 1401 ponentes.
419 1321 496 1385 Hoo
531 1321 652 1386 audito
687 1326 723 1386 et
758 1321 897 1405 cognito
932 1322 966 1385 in
1003 1316 1120 1386 exitur
1154 1323 1307 1387 eiusdem

188 1408 314 1472 mensis
349 1409 479 1492 Aprilis
514 1409 643 1475 milites
677 1410 868 1475 Mediolani
906 1415 941 1475 et
975 1409 1154 1474 Placentie
1188 1412 1307 1474 statim

187 1496 340 1560 Brixiam
376 1498 623 1575 militaverunt,
659 1499 793 1564 dietum
827 1499 1071 1576 marchionem,
1109 1499 1189 1581 qui⁰
1228 1520 1307 1563 omn

187 1605 313 1669 magna
336 1607 441 1649 manu
465 1586 614 1651 militum
641 1581 813 1670 lterramf]
839 1587 955 1652 Brixie
984 1587 1052 1651 iam
1083 1587 1274 1652 intraverat
1284 1589 1304 1665 ²,

188 1674 230 1738 de
243 1674 405 1740 districtu
416 1675 646 1741 Brixiensium
656 1677 807 1761 turpiter
815 1677 1036 1760 fugaverunt.
1061 1675 1307 1742 Cremonenses

143 1790 168 1827 1s
187 1763 324 1844 quidem
348 1765 384 1826 in
407 1767 533 1829 terram
552 1765 781 1830 Brixiensium
800 1766 930 1830 intrare
950 1765 1091 1830 minim
1107 1764 1182 1828 ausi
1196 1765 1305 1832 fuere.

186 1851 338 1917 Tandem
374 1874 452 1916 oum
488 1854 616 1918 milites
650 1853 841 1919 Mediolani
879 1857 915 1919 et
948 1853 1127 1918 Placentia
1166 1854 1306 1918 domum

185 1941 364 2019 redissent,
395 1943 462 2026 ipsi
493 1942 739 2008 Cremonenses
769 1963 850 2027 sepe
885 1946 921 2008 et
951 1943 1064 2027 sapim
1094 1943 1131 2006 in
1163 1943 1304 2008 *terram
1324 1973 1411 2018 aaa

186 2029 416 2095 Brixiensium
438 2033 621 2109 intravere,
645 2033 761 2096 omnia
784 2033 934 2117 dampna
952 2035 989 2096 et
1006 2031 1305 2116 incommodaque

185 2123 329 2201 potuere
353 2121 401 2184 eis
424 2121 628 2199 inferentem
654 2142 721 2203 que
744 2120 931 2203 plurimum
956 2123 1056 2185 erant
1070 2120 1306 2186 Mediolanen-

140 2235 167 2272 20
185 2207 279 2272 sibus
294 2212 329 2272 et
341 2208 578 2273 Brixiensibus
594 2210 713 2290 gravia
728 2211 764 2272 et
780 2209 885 2273 etiam
900 2208 1145 2274 intolerabilia.
1176 2209 1305 2274 Tamen

185 2295 306 2359 habito
329 2297 493 2361 conscilio
517 2297 829 2362 Mediolanensium
859 2302 895 2362 et
918 2296 1201 2362 Placentinorum
1224 2296 1305 2361 alio·

184 2404 329 2466 rumque
359 2384 547 2449 amicorum
578 2406 705 2463 eorum,
738 2386 975 2450 ambaxatores
1004 2386 1042 2448 in
1072 2406 1189 2450 mense
1212 2385 1305 2451 Iulio
1324 2416 1367 2458 az.

186 2472 340 2555 proximo
364 2474 524 2539 veniente
548 2471 753 2540 Cremoriam
783 2477 999 2558 perexerunt,
1031 2475 1225 2539 omnimode
1256 2475 1305 2540 eis

185 2562 355 2626 instantes
390 2567 426 2627 et
460 2564 673 2640 inducentes,
713 2567 753 2627 ut
791 2563 905 2628 loounr
940 2562 1154 2627 Pontis-visi
1188 2563 1306 2647 quiete

139 2678 166 2716 aa
185 2649 421 2716 Brixiensibus
445 2653 662 2717 dimitterent
685 2657 721 2718 et
737 2652 972 2732 Brixiensibus
996 2652 1038 2718 de
1062 2655 1177 2716 cetero
1200 2651 1305 2716 offen-

185 2740 266 2804 dere
290 2761 359 2803 non
383 2741 566 2818 deberent;
591 2742 683 2824 quod
700 2741 946 2807 Cremonenses
961 2762 1032 2805 non
1054 2761 1128 2807 esse
1149 2740 1305 2806 facturos

184 2848 247 2894 neo
279 2829 410 2894 dietum
442 2830 557 2894 locum
587 2831 783 2895 reddituros
812 2831 890 2894 riva
919 2851 1002 2895 vooe
1033 2830 1206 2894 dixerunt.
1259 2830 1305 2894 nr

184 2918 266 2980 dum
298 2920 361 2983 heo
392 2922 428 2982 et
459 2919 570 2984 multa
599 2919 668 2984 alia
690 2919 809 3004 turpia
831 2919 936 2984 verba
959 2923 995 2984 et
1017 2919 1246 3003 ignominiosa
1268 2920 1305 2984 in

184 3007 347 3070 conscilio
378 3006 545 3073 Cremona
576 3029 596 3072 a
626 3009 854 3093 potestatess·³
884 3009 1036 3073 eiusdem
1067 3012 1159 3074 terre
1194 3011 1230 3073 et
1260 3009 1303 3072 ab

138 3122 166 3161 so
184 3095 260 3158 aliis
285 3096 327 3160 de
352 3097 516 3161 conscilio
532 3097 811 3162 ambaxatoribus
827 3097 1018 3162 Mediolani
1041 3100 1077 3162 et
1100 3097 1205 3162 etiam
1227 3097 1304 3160 aliis

182 3185 299 3248 forent
328 3185 473 3267 prolata,
506 3186 660 3251 dieentes
690 3188 726 3250 et
748 3188 940 3250 asserentes
969 3185 1207 3250 Mediolanum
1233 3205 1304 3248 non

184 3272 298 3336 vivere
315 3274 359 3336 ad
375 3275 539 3338 honorem
556 3275 707 3356 —quod
724 3273 830 3338 altius
842 3274 1021 3338 deseendit
1032 3273 1070 3336 in
1082 3265 1300 3356 pectoribus¹¹

183 3361 321 3424 illorum
346 3361 617 3439 ambaxatornm‚
642 3356 727 3445 quoi
758 3363 901 3445 quisque
926 3355 1000 3426 estlt
1025 3362 1145 3440 iratus,
1177 3363 1213 3425 et
1236 3381 1304 3424 om·

183 3537 205 3582 a)
218 3535 300 3574 mend.
316 3535 413 3579 H.·Br.,·
426 3535 450 3574 in
464 3535 577 3575 aeleaticis
591 3546 623 3582 e.,·
637 3535 660 3574 ln
675 3535 771 3574 tristicia
784 3535 854 3575 Perea.
929 3533 952 3585 b)
973 3534 1052 3576 enm.
1066 3534 1137 3582 Paa.,·
1156 3533 1273 3574 uiator-lam
1287 3546 1304 3577 c,

139 3594 164 3634 aa
183 3590 203 3635 e)
217 3589 298 3630 mord.
311 3588 387 3635 Parte,-
400 3593 534 3637 perseuerat
548 3599 566 3627 c.
608 3586 632 3638 d)
646 3588 835 3636 omend.H.·Br.,·
849 3575 939 3628 ex⁵situ
952 3587 1072 3639 (exercitu)
1085 3599 1104 3626 s.
1126 3587 1185 3626 Nota
1198 3597 1303 3637 nuquam

183 3641 237 3679 dios·
249 3642 404 3690 &dussellum
417 3643 529 3692 arrepsisse
542 3642 566 3681 ln
580 3643 642 3682 exitu
657 3642 746 3681 mensis.
801 3640 823 3692 a)
837 3645 880 3690 que
894 3653 912 3681 c.
967 3640 1108 3691 osmunt,-
1121 3652 1163 3683 om.
1179 3652 1211 3687 o.,·
1227 3641 1304 3682 Brlxle

183 3699 258 3742 partes
272 3694 353 3738 Η.-Βι·.
409 3695 431 3744 g)
445 3697 525 3738 msend.
539 3695 636 3741 H.·Br.‚·
650 3706 754 3735 eramone
768 3699 867 3744 potestas
881 3705 899 3735 e.
955 3695 979 3742 h)
992 3694 1108 3744 pedoribus
1122 3706 1140 3733 c.
1183 3694 1200 3746 l)
1213 3705 1258 3743 qua
1272 3707 1304 3744 r.,·

183 3748 240 3794 quod
259 3748 324 3790 Perta.
380 3747 404 3799 k)
418 3749 444 3790 {a
458 3747 524 3799 (esse)
537 3760 569 3797 c.,·
584 3753 644 3789 esset
657 3749 727 3789 Perta.

184 3889 210 3957 1)
235 3890 297 3944 Iun.
316 3893 342 3946 ὅ.
363 3890 552 3956 Crmnmmmea
571 3891 628 3943 Azo
651 3890 781 3952 marchio,
804 3889 971 3954 Veronam,
996 3889 1186 3943 Farrarieases
1210 3891 1304 3954 foedus

138 3977 165 4014 so
183 3963 310 4027 inierant,
322 3962 385 4027 Ray.
395 3963 464 4029 Imp.
479 3963 509 4028 V,
519 3978 564 4016 nr.
575 3963 805 4027 12318-123233
818 3959 907 4013 Codex
918 3961 985 4028 dipl
997 3961 1302 4029 Cremon.I,11.2llap.,

182 4048 225 4086 nr.
240 4033 358 4088 72-78.
448 4035 477 4100 2)
500 4033 571 4085 Bene
594 4033 698 4084 mortuil
723 4032 921 4098 Winkelmann,
941 4031 1084 4086 ‘onom’
1105 4034 1211 4099 12170,
1237 4049 1264 4084 n.
1278 4035 1302 4090 1.

183 4104 230 4155 lsoc
241 4119 296 4155 aon
307 4105 377 4170 Apr.
390 4122 440 4168 em,
455 4104 501 4155 sed
509 4107 657 4172 posteriore
673 4109 788 4169 tempore
799 4102 903 4165 fastum
919 4119 981 4168 esee,
998 4109 1028 4155 ut
1043 4119 1071 4168 p.
1082 4105 1125 4169 34,
1143 4119 1171 4157 n.
1181 4105 1207 4158 3.
1221 4109 1304 4171 palat.

183 4175 258 4238 Qrwd
275 4190 329 4227 non
347 4181 408 4226 ante
425 4191 537 4228 maman
555 4175 667 4226 Iunium
691 4175 795 4239 foetum
812 4190 866 4226 esse
882 4175 994 4228 araur.
1030 4173 1157 4226 Fortasse
1178 4174 1257 4227 verba
1274 4173 1303 4226 in

183 4243 259 4296 exito
271 4245 370 4297 mansis
383 4245 488 4314 Aprilis
503 4248 595 4312 potius
610 4262 698 4314 supra
711 4261 742 4312 1).
754 4247 799 4310 34,
818 4246 837 4301 l.
849 4247 893 4301 28.
909 4253 971 4314 post
986 4244 1104 4312 turpiter
1120 4243 1212 4298 exiere
1227 4245 1304 4297 eollo-

136 4333 163 4371 45
181 4316 268 4367 canda
286 4323 357 4370 sunt.
429 4318 457 4384 3)
474 4318 585 4370 Aramo
603 4317 634 4369 de
652 4317 680 4372 S.
693 4317 826 4371 Nazario.

1054 4423 1088 4477 3*
