3112 4856
398 317 590 374 IOHANNIS
609 317 856 373 CODAGNELLI
875 317 1056 372 ANNALES
1073 319 1110 374 A.
1124 320 1202 376 1229.
1323 323 1358 376 95

239 522 357 566 corum
387 522 504 566 eorum
535 502 754 567 intraverunt
785 503 820 565 et
850 502 948 566 iuxta
977 505 1127 566 castrum
1158 504 1200 568 de
1230 502 1358 567 Sancto
1378 516 1456 571 1229.

240 589 378 656 Cesario
414 612 474 655 sua
511 591 630 656 *fixere
666 594 796 666 castra,
838 590 927 654 illud
961 591 1115 674 undique
1149 592 1356 656 obsidentes.
1378 620 1464 669 *resa

240 678 487 746 Cremonenses
511 683 547 745 et
562 680 764 745 Parmenses
788 680 891 744 etiam
918 683 953 745 et
970 680 1185 744 Mutinenses
1209 700 1270 763 per
1292 702 1358 744 me·

239 768 333 832 dium
366 790 484 834 eorum
516 772 551 834 et
580 769 617 832 in
647 768 717 832 illis
740 769 897 853 partibus
920 769 1064 833 fuerunt
1087 771 1357 846 castramentati,

202 877 217 916 s
239 859 344 922 fluvio
368 859 528 924 Scoltene
553 858 743 934 mediente;
775 858 867 941 quod
891 861 1041 921 castrum
1066 879 1143 922 cum
1168 859 1358 941 manganis,

240 947 406 1030 predariis
430 950 466 1012 et
489 947 668 1011 trabuchis
692 950 728 1012 et
751 946 858 1030 gattis
882 950 918 1010 et
937 947 1014 1010 aliis
1031 947 1198 1011 machinis
1215 947 1359 1012 cottidie

240 1040 526 1120 expugnaverunt
555 1036 744 1100 scientibus
774 1035 923 1100 inimicis
954 1039 990 1098 et
1012 1036 1122 1099 oeulis
1145 1037 1292 1119 propriis
1314 1037 1360 1100 vi-

240 1125 414 1189 dentibus.
468 1127 514 1189 nt
549 1126 631 1188 dum
662 1126 726 1189 hec
757 1127 953 1208 agerentur,
990 1124 1246 1201 Cremonenses,
1282 1125 1360 1188 Par·

240 1234 373 1279 menses
386 1218 422 1280 et
434 1215 648 1279 Mutinenses
662 1214 852 1278 deliberato
869 1212 1033 1278 conscilio
1049 1213 1221 1277 carosium
1236 1214 1360 1278 Parme

195 1321 222 1360 10
239 1303 276 1365 in
300 1304 518 1387 expeditione
549 1303 666 1367 venire
695 1302 865 1367 fecerunt.
912 1301 988 1381 Quo
1012 1303 1116 1380 facto,
1146 1303 1252 1386 signis
1276 1303 1361 1367 belli

240 1395 276 1457 et
306 1393 428 1456 castris
458 1393 560 1456 motis
590 1392 734 1455 fluvium
764 1391 925 1456 Scoltene
954 1394 1174 1456 transeuntes
1205 1411 1266 1475 per
1294 1413 1360 1456 me-

240 1481 335 1544 dium
367 1485 518 1546 castrum
549 1481 591 1544 de
616 1481 847 1563 Spinslberto,
877 1481 914 1542 in
945 1499 1133 1563 campanea
1154 1481 1247 1545 inter
1270 1480 1360 1546 Scol-

239 1572 356 1633 tenam
388 1573 423 1634 et
453 1570 624 1653 quendam
657 1589 778 1633 cavum
808 1589 886 1632 suas
917 1571 1107 1651 posuerunt
1139 1569 1358 1652 albergarias,
1457 1568 1461 1576 ’

240 1679 310 1723 non
350 1659 519 1723 distantes
563 1659 605 1723 ab
646 1658 799 1723 exercitu
839 1656 1109 1722 Bononiensium
1153 1679 1214 1740 per
1250 1678 1360 1721 unum

196 1765 222 1804 rs
239 1747 384 1812 miliare.

347 1836 413 1900 Die
430 1837 552 1900 Martis
569 1835 660 1899 ΙΙΙΙ.
677 1835 802 1900 mensis
819 1835 1031 1918 Septembris
1053 1835 1184 1898 dictum
1209 1839 1360 1899 castrum
1380 1856 1434 1905 sepe.
1445 1856 1467 1898 4.

241 1925 393 2008 undique
416 1924 564 1989 viriliter
587 1928 825 2008 expugnantes
850 1945 927 1987 cum
958 1925 1148 2008 manganis,
1182 1925 1359 2008 predariis,

240 2014 418 2078 trabuchis
442 2016 477 2078 et
500 2013 617 2097 gattis,
649 2034 726 2078 cum
756 2014 881 2098 quibus
904 2013 995 2077 viros
1019 2033 1080 2096 per
1101 2013 1290 2097 terragium
1313 2014 1361 2078 fe·

241 2106 360 2167 serant
384 2103 577 2179 ascendere,
610 2123 671 2186 per
700 2103 792 2187 ipsos
819 2122 928 2186 usque
952 2103 1077 2186 spados
1101 2103 1204 2166 castri
1228 2123 1362 2166 summa

194 2211 222 2250 ao
239 2192 275 2256 vi
308 2191 403 2256 illico
438 2195 590 2256 castrum
625 2194 707 2255 sunt
742 2192 858 2255 conati
887 2191 1028 2255 intrare.
1075 2192 1214 2255 Accidit
1245 2192 1362 2255 divina

240 2281 407 2364 potentis,
432 2281 524 2363 quod
548 2282 697 2344 castrum
723 2301 763 2344 es
787 2280 842 2344 die
858 2280 997 2363 penitus
1014 2279 1218 2362 dissipatum
1234 2286 1270 2344 et
1286 2301 1362 2344 con·

241 2369 381 2433 bustum
409 2369 480 2432 fuit
510 2369 727 2452 presentibus
751 2371 786 2433 et
809 2368 1007 2432 videntibus
1031 2368 1180 2432 inimicis
1188 2368 1208 2431 ¹.
1260 2368 1361 2448 Quod

242 2459 394 2520 castrum
427 2457 528 2521 fossis
565 2458 744 2540 profundis
780 2461 816 2522 et
850 2478 939 2540 equa
973 2457 1086 2540 plenis
1116 2461 1190 2522 erat
1221 2457 1361 2522 circum·

242 2546 372 2623 datum,
404 2547 520 2630 spadis
549 2566 685 2630 quoque
716 2552 751 2610 et
781 2545 955 2630 lignorum
978 2547 1099 2610 castris
1123 2549 1159 2610 et
1181 2547 1361 2630 mangenis

195 2653 223 2692 aa
242 2638 278 2698 et
310 2635 477 2718 predariis
509 2638 545 2699 et
575 2634 653 2698 aliis
685 2635 854 2700 machinis
877 2639 952 2699 erat
976 2635 1149 2698 munitum
1172 2637 1302 2720 pariter
1325 2640 1362 2700 et

241 2724 408 2788 vallatum
420 2725 441 2787 ².
477 2724 521 2786 In
544 2745 611 2808 quo
636 2727 748 2788 castro
765 2724 998 2788 Bononienses
1014 2725 1212 2790 habuerunt
1228 2726 1361 2808 quadri·

240 2817 384 2897 gentosa
417 2813 508 2877 viros
538 2817 574 2878 et
604 2834 663 2878 sex
693 2813 822 2878 milites
831 2813 853 2890 ³,
884 2834 969 2896 quos
999 2819 1165 2897 ceperunt
1193 2818 1229 2880 et
1252 2815 1361 2879 victos

240 2903 321 2967 inde
345 2902 529 2967 duxerunt.
576 2902 643 2968 Die
666 2903 831 2967 Mercurii
854 2903 1011 2986 sequenti
1041 2903 1134 2968 inter
1157 2902 1298 2968 *nonam
1325 2907 1361 2968 et
1380 2894 1465 2998 {22⁸3

239 3011 398 3075 vesperes
429 2991 685 3069 Cremonenses,
716 2992 918 3056 Parmenses
949 2995 984 3056 et
1012 2992 1228 3058 Mutinenses
1258 2993 1361 3057 ascle-

194 3099 223 3138 to
240 3081 308 3144 rati
343 3083 378 3145 et
408 3081 453 3144 ad
484 3080 614 3146 bellum
638 3081 799 3157 ordinati,
825 3079 1072 3145 Cremonenses
1102 3081 1145 3145 ab
1169 3103 1240 3146 una
1262 3085 1360 3166 parte

240 3169 375 3246 carocii,
399 3169 601 3234 Parmenses
624 3190 705 3234 vero
729 3189 770 3234 ex
794 3169 913 3244 altera,
938 3169 1154 3234 Mutinenses
1169 3191 1305 3255 quoque
1323 3171 1361 3232 in

240 3257 352 3339 prima
376 3258 475 3333 sctie,
506 3258 566 3340 qui
596 3278 714 3322 omnes
743 3257 987 3322 universaliter
1016 3279 1077 3340 pro
1101 3279 1163 3322 suo
1187 3259 1361 3323 communi

241 3344 369 3409 ibidem
392 3346 534 3409 fuerant
558 3346 768 3430 congregati,
793 3345 1013 3409 acontissima
1036 3347 1126 3411 actie
1150 3350 1359 3422 constructa,

240 3433 351 3498 veloci
374 3434 484 3517 gradu
504 3437 625 3498 contra
641 3435 829 3499 exercitum
845 3434 1116 3499 Bononiensium
1132 3440 1359 3500 accesserunt.

193 3642 338 3690 mame

242 3801 269 3870 1)
294 3801 395 3854 Eodem
413 3801 455 3854 dic
473 3802 656 3854 socerorum
673 3809 780 3870 coptum
803 3819 855 3856 aare
872 3804 996 3867 referunt
1015 3805 1100 3859 Maru
1119 3807 1151 3858 de
1170 3807 1286 3874 Gra'ffon.
1304 3806 1321 3862 l.
1343 3810 1360 3862 l.

239 3878 263 3926 ct
282 3873 373 3927 ‘Crura
391 3873 569 3939 di'Bolopno'
586 3874 632 3929 col.
645 3876 707 3929 257.
745 3874 821 3938 Quod
838 3875 941 3939 factum
966 3891 1019 3929 esec
1036 3877 1185 3929 admistus
1203 3878 1320 3930 hostibus
1337 3886 1361 3931 et

240 3943 271 3995 hi
287 3949 311 3996 ct
328 3944 478 3997 Tolosam
494 3961 515 3998 c.
530 3946 588 4000 191.
608 3951 632 3997 ct
644 3946 702 4000 Alo.
716 3945 817 3998 Miliolr'
832 3962 853 3999 c.
866 3947 928 4000 231.
947 3954 971 3999 et
988 3949 1044 4014 apsi
1060 3949 1237 4001 Bononiensis
1256 3952 1286 4000 in
1306 3953 1361 4017 epi·

239 4015 308 4067 stola
333 4017 365 4068 de
387 4015 437 4067 hac
454 4017 619 4083 expeditione
642 4018 752 4084 scripta,
771 4016 969 4085 Wintelmonn,
997 4020 1064 4071 Acta
1082 4021 1146 4086 imp.
1165 4021 1233 4087 I,p.
1246 4023 1298 4076 491
1311 4037 1359 4087 sq,

192 4101 223 4140 40
240 4102 284 4145 nr,
298 4089 359 4151 617,
384 4087 478 4139 isdem
503 4088 561 4151 sere
578 4087 664 4140 vohis
681 4089 782 4142 ddunt.
890 4089 919 4158 2)
946 4090 1033 4157 Epist.
1052 4091 1263 4144 Bononiensium
1289 4093 1306 4146 l.
1326 4092 1361 4144 l..-

241 4155 315 4225 quod
339 4159 485 4223 (castrum)
510 4161 569 4210 crat
592 4158 648 4211 alto
667 4157 801 4211 vallatum
820 4175 922 4228 aggere
941 4175 972 4213 ac
991 4160 1080 4214 densis
1096 4164 1131 4230 (?)
1149 4162 1361 4232 propugnaculis

242 4227 448 4283 communitum.
538 4230 567 4296 3)
590 4232 643 4286 520
668 4231 786 4283 homines
810 4232 875 4283 dicit
894 4231 984 4284 ‘Crem
1002 4234 1034 4284 di
1050 4233 1188 4300 Bolopno’;
1210 4231 1268 4287 iere
1286 4233 1361 4286 mille
1409 4278 1412 4283 .

239 4299 351 4364 epistola
370 4299 580 4353 Bmknsium
598 4302 778 4368 magniloqua,
