3118 4840
696 255 926 315 PRAEFATIO.
1293 258 1370 314 XIII

251 438 355 520 Atqne
377 439 414 505 in
437 439 545 505 diebos
567 439 685 505 mensis
707 439 901 505 adnotandis
923 441 1013 505 modo
1042 439 1167 506 ratione
1190 461 1229 505 en
1251 441 1369 507 oriente

251 535 323 593 orta
356 534 499 592 28-31
532 528 656 594 diernm
686 528 908 594 continnarnm
938 528 1056 594 mensis
1085 532 1368 612 nnmerandarnm,

250 637 316 698 qno
338 638 396 682 nos
424 617 554 699 ntimnr,
584 620 674 683 modo
704 617 830 683 ratione
852 617 972 683 Italica
1000 617 1155 684 intrantis
1177 625 1206 683 et
1228 619 1370 684 enenntis

250 705 377 788 mensis,
408 708 498 771 modo
522 705 652 788 antiqno
678 727 765 770 more
787 706 934 772 Romam
957 707 1183 772 Kalendarum
1211 729 1288 772 nsns
1315 715 1368 788 est,

251 816 408 877 nnsqnom
431 802 535 860 tomen
558 796 730 860 Nonornm
752 795 907 860 Idnnmoe
930 795 997 861 dies
1014 795 1131 876 posuit,
1162 796 1370 879 seimonis

252 905 372 965 semmer
394 890 501 949 nostro
531 904 617 949 more
647 883 711 949 diei
733 905 899 949 nnmernm
920 883 1057 966 scm'psit.
1108 887 1199 966 Qnod
1220 887 1295 951 lene
1317 907 1370 950 no·

252 974 384 1038 tandnm
414 979 467 1054 cst,
498 995 538 1037 ne
567 974 612 1038 ad
640 979 802 1055 corrrmtos
830 972 955 1038 diernm
983 994 1130 1038 nnmeros
1159 976 1371 1040 emendandos

252 1062 340 1142 falsa
362 1061 512 1126 conicias.
557 1060 660 1144 Atqne
684 1061 812 1127 omnino
836 1061 980 1126 ordinem
1002 1061 1149 1144 temporis
1171 1070 1293 1130 secntns
1310 1085 1372 1146 per

252 1149 395 1232 sinonlos
410 1171 513 1215 annos
528 1171 580 1216 res
592 1157 697 1233 aestas
712 1149 887 1231 enarravit,
910 1153 967 1215 sed
980 1157 1044 1216 tres
1059 1151 1237 1234 relationes,
1257 1151 1371 1234 qnibns

253 1238 461 1320 complnrinm
483 1260 642 1304 annornm
664 1260 715 1304 res
742 1246 848 1322 aestas
870 1240 1109 1322 commolendit,
1138 1240 1283 1324 inserm't,
1313 1243 1370 1306 snb

253 1349 283 1392 a.
309 1333 405 1392 1208.
435 1327 578 1393 videlicet
607 1327 753 1411 Philippi·
781 1335 810 1393 et
837 1327 960 1394 Ottonis
989 1351 1098 1412 reqnm
1131 1329 1309 1396 electionem
1343 1337 1372 1395 et

252 1417 338 1481 litem
367 1423 650 1481 21198-1208.
676 1415 721 1498 (p.
740 1423 781 1481 32
798 1417 861 1498 sq.)
892 1423 921 1482 et
948 1417 1175 1484 Briniensinm
1203 1425 1304 1484 motns
1333 1441 1371 1484 oo

252 1505 420 1570 seditiones
440 1528 470 1570 a.
490 1511 724 1570 1200-1208.
743 1503 785 1588 (p.
804 1509 963 1588 33-37)
980 1506 1130 1589 esposuit,
1151 1510 1207 1573 snb
1228 1513 1369 1572 21226.

253 1593 442 1660 narratione
457 1615 496 1659 en
510 1594 654 1661 monimo
666 1601 761 1676 porte
777 1595 994 1661 commentiolo
1009 1597 1124 1678 retnlit,
1141 1618 1205 1678 qna
1220 1598 1258 1661 de
1273 1617 1371 1662 cansa

253 1683 426 1764 imperator
448 1683 734 1750 encommnnicatns
756 1691 785 1749 et
812 1683 849 1748 in
876 1685 1009 1749 Terram
1033 1685 1185 1750 Sanctam
1208 1685 1371 1767 profectus

253 1771 304 1853 sit,
328 1779 358 1837 et
372 1794 463 1854 papa
486 1779 596 1839 contra
625 1795 695 1838 enm
718 1774 890 1839 bellatnrns
913 1772 1048 1838 Italiam
1074 1773 1258 1838 oscitaverit
1280 1780 1371 1855 atone

254 1860 451 1926 commoverit
474 1860 520 1943 (p.
537 1861 696 1944 84-88).

359 1950 506 2015 Annales
528 1951 733 2016 Placentinos
761 1951 798 2016 in
828 1951 995 2034 archetypo
1024 1972 1080 2016 sno
1102 1951 1282 2016 scribendos
1298 1957 1373 2032 nost

254 2043 399 2104 21222.
435 2038 660 2122 0222922122
690 2061 872 2123 2992222222
902 2061 967 2105 esse
996 2046 1125 2122 constat,
1157 2040 1369 2120 22211451.

254 2127 370 2193 codicis
392 2127 544 2193 Parisini
565 2149 675 2193 oersns
697 2131 735 2194 de
756 2135 844 2193 terra
867 2151 897 2192 a.
917 2135 1013 2192 1222.
1036 2129 1113 2194 Dec.
1132 2135 1184 2193 25.
1207 2129 1245 2194 in
1268 2129 1372 2194 Italia

253 2215 416 2296 superiore
438 2215 561 2298 insonti
576 2237 728 2282 concnssn
745 2223 830 2282 mota
845 2216 956 2298 scripti
971 2217 1037 2282 sint
1045 2218 1066 2280 1.
1103 2219 1171 2283 Nec
1185 2224 1292 2282 tamen
1310 2239 1371 2284 cre·

254 2305 391 2369 dendnm
406 2310 451 2370 est
464 2305 521 2369 llos
532 2304 678 2370 Annales
692 2326 756 2370 nno
772 2312 877 2378 tenore
892 2306 1086 2372 continenter
1100 2305 1281 2388 cmnpositos
1297 2327 1370 2388 esse,

254 2391 292 2456 in
306 2391 420 2474 qnibns
441 2391 555 2474 nliqne
574 2399 616 2458 tot
634 2393 701 2459 dies
723 2415 831 2458 rernm
847 2400 1007 2476 aestarnm
1023 2395 1260 2461 accuratissime
1275 2398 1371 2460 odno·

255 2487 339 2546 tatae
361 2480 435 2563 sint,
466 2482 521 2546 sed
542 2503 604 2564 per
625 2483 739 2548 mnltos
761 2504 865 2548 annos
893 2503 1001 2548 rernm
1024 2483 1265 2550 domesticarum
1294 2505 1371 2549 com-

254 2569 427 2636 mentarios
446 2569 670 2653 Codaanellnm
686 2571 909 2654 conscm‘psisse
925 2573 1125 2655 censebimus,
1145 2594 1221 2654 qnos
1235 2579 1371 2638 entremo

254 2659 338 2725 oilae
360 2666 494 2741 tempore
516 2659 553 2725 in
572 2660 687 2725 libram
704 2660 900 2743 concesserit.
940 2662 1027 2727 Sane
1042 2663 1167 2727 tabnlas
1182 2668 1211 2727 et
1224 2661 1372 2744 epistolas

254 2749 291 2813 in
313 2749 443 2814 ardoino
466 2748 654 2815 Placentino
684 2750 836 2831 collectos,
872 2750 936 2815 sioe
965 2751 1005 2816 ab
1034 2750 1102 2832 ipso
1132 2751 1197 2816 sire
1226 2752 1265 2815 ab
1295 2750 1372 2815 aliis

254 2837 399 2919 scm‘ptas,
423 2838 592 2903 memoriae
609 2860 708 2904 cansa
725 2838 880 2920 inspicere
898 2839 1002 2920 potnit
1017 2861 1055 2905 ac
1070 2841 1242 2905 nonnmllas
1257 2839 1373 2921 procnl

170 2933 174 2940 '
255 2926 350 2992 dnbio
371 2927 540 3009 inspenit2,
564 2927 601 2992 in
623 2927 737 3010 qnibns
758 2927 854 2993 etiam
873 2934 1042 3010 potestates
1065 2930 1112 2994 oel
1134 2929 1275 2994 consnles
1297 2928 1371 2992 Plo·

255 3015 395 3081 centinos
417 3015 553 3098 sinordis
575 3017 674 3082 annis
696 3018 804 3083 electos
826 3015 971 3083 invenire
988 3017 1102 3098 potnit.
1145 3018 1209 3084 Sed
1230 3039 1300 3083 cnm
1320 3037 1373 3081 res

256 3104 383 3169 bellicas
410 3104 613 3188 potissimum
646 3105 817 3187 scripserit,
856 3107 980 3171 tolnlas
1017 3105 1184 3171 rarissime
1221 3105 1373 3170 adhibere

249 3192 364 3274 potnit.
402 3192 601 3257 Monendnm
624 3200 669 3258 est
691 3216 760 3259 enm
782 3194 820 3258 in
842 3195 934 3260 rebns
954 3194 1051 3276 aestis
1069 3193 1281 3260 describendis
1299 3215 1372 3258 nns-

255 3302 351 3363 qmam
373 3280 422 3346 rei
438 3287 550 3362 postea
573 3288 661 3348 actae
683 3283 872 3348 mentionem
889 3283 1011 3364 fecisse,
1036 3289 1128 3364 atone
1146 3284 1202 3347 snb
1225 3304 1255 3346 a.
1275 3287 1370 3348 1215.

254 3368 419 3434 incenitnr
433 3371 527 3452 locns,
551 3391 641 3452 qnem
656 3377 730 3436 ante
746 3393 867 3436 annnm
885 3377 980 3436 1218.
997 3371 1150 3452 scriptnm
1168 3392 1233 3436 esse
1249 3392 1373 3437 censere

250 3459 370 3540 potes&
411 3459 512 3524 Semel
527 3460 571 3524 ad
585 3458 671 3524 oiros
680 3461 873 3542 provocarit,
892 3460 947 3542 qni
962 3459 1027 3543 ipsi
1042 3463 1079 3526 de
1089 3459 1212 3542 proelio
1228 3482 1258 3524 a.
1276 3467 1370 3526 1229.

257 3548 340 3630 Sept.
365 3552 395 3611 5.
427 3548 472 3611 ad
494 3548 695 3613 Scoltennom
716 3550 852 3628 dnoinm
875 3549 1036 3615 commisso
1059 3571 1136 3614 ocra
1161 3549 1371 3630 retnlissenti,

255 3639 312 3702 sed
333 3635 442 3701 omnia
463 3637 532 3716 fere
554 3658 634 3718 qnae
657 3640 694 3703 de
717 3639 806 3702 bellis
824 3645 853 3703 et
868 3638 1004 3720 proeliis
1019 3639 1169 3704 narrarit
1184 3661 1205 3704 a
1219 3638 1374 3704 militibns

256 3747 326 3791 enm
348 3725 508 3792 andioisse
523 3732 622 3808 patet.
657 3743 669 3751 ·

257 3954 285 4019 1)
307 3953 351 4007 (Ν.
365 3953 478 4006 Arelio’
491 3953 571 4019 XVI,
588 3972 615 4022 p.
628 3957 689 4010 480.
751 3955 779 4022 2)
798 3955 863 4007 Vide
876 3973 905 4022 p.
918 3958 963 4020 22,
981 3972 1008 4010 n.
1020 3959 1045 4011 2.
1059 3957 1084 4012 5.
1101 3973 1129 4022 p.
1143 3958 1187 4022 30,
1199 3971 1231 4012 n.
1246 3957 1271 4010 6.
1285 3973 1315 4022 p,
1329 3957 1374 4021 60,

258 4024 276 4074 l.
290 4026 403 4080 17-19.
420 4041 447 4090 p.
460 4027 504 4090 83,
522 4041 550 4077 n.
563 4028 587 4080 3.
602 4043 632 4092 p.
645 4027 690 4092 86,
709 4043 735 4080 2.
749 4029 774 4080 4.
864 4027 893 4094 3)
913 4027 944 4081 P.
958 4028 1005 4082 53:
1032 4025 1174 4080 credentes
1199 4025 1371 4096 discordiam,

258 4110 311 4160 que
337 4098 391 4148 est
414 4096 487 4148 inter
505 4095 647 4149 dominum
666 4095 798 4150 Ottonem
822 4095 1015 4165 imperatorem
1034 4101 1062 4151 et
1080 4097 1245 4151 Federicum
1263 4097 1372 4152 Scioilie

257 4180 359 4234 regem,
373 4166 498 4219 acordari
510 4166 610 4221 debere
622 4167 726 4236 pariter
739 4171 766 4221 et
777 4167 885 4237 pacisci.
954 4168 984 4238 4)
1002 4171 1152 4236 Epistolam
1163 4169 1372 4222 Bononimsinm

257 4235 289 4286 de
306 4235 354 4287 loc
366 4239 469 4304 proelio
487 4239 587 4304 datam,
610 4255 691 4306 qnam
704 4256 735 4307 p.
749 4243 792 4307 95,
810 4257 836 4295 n.
851 4242 875 4296 1.
895 4241 1013 4308 madoci,
1037 4239 1214 4308 Godacnellns
1231 4257 1285 4294 non
1303 4241 1372 4306 lecit.
