3112 4856
105 445 181 502 1229.

204 256 240 309 94
364 259 555 321 IOHANNIS
574 268 821 335 OODAGNllLLI
839 283 1021 348 ANNALES
1040 297 1076 354 A.
1091 304 1168 361 1229.

202 438 378 505 civitatem
408 445 517 528 ipsius
540 455 715 523 societatis
741 465 916 548 miseruut,
948 475 1172 562 implorantes
1203 493 1320 562 abeis

201 530 237 589 et
261 531 501 600 attentissimis
524 543 683 623 precibus
706 549 798 634 ipsos
826 557 1059 644 deprecantes
1092 578 1132 638 ut
1155 577 1318 650 Mediola-

201 635 332 693 nenses,
359 620 562 727 Brixienses,
593 631 777 702 Mantuani
807 647 842 708 et
865 647 1059 720 Placentini
1082 661 1119 725 in
1142 672 1296 737 mandat'

200 701 333 774 darent,
357 713 398 766 ut
421 714 567 788 qullibess
590 728 988 802 suprascripm‘pu
1008 765 1022 776 ῃ
1048 751 1111 770 Γ..
1128 742 1252 756 ....-...-
1274 697 1316 750 Β

201 786 483 855 Cremonensium
513 803 549 857 ea
578 804 816 871 Parmensium
849 808 961 868 terras
990 780 1159 856 intrarent
1190 780 1225 841 et
1255 794 1348 840 ease

199 875 279 958 igne
303 885 494 944 cremarent
516 886 551 946 et
566 904 724 967 guen-am
741 893 857 957 facere
873 870 1044 952 (efflent.
1079 866 1313 949 Percipientes

199 967 315 1028 autem
346 967 432 1032 dieti
462 969 569 1054 legati
598 978 639 1037 ue
668 977 733 1042 viri
761 953 894 1039 pondi
921 976 987 1038 que
1018 955 1244 1038 postulabant
1270 954 1314 1018 ad

199 1053 329 1117 exitum
352 1058 539 1138 perducere
554 1065 767 1128 nequaquam
785 1065 893 1128 posse,
918 1045 961 1108 ab
978 1045 1108 1108 eisdem
1123 1044 1314 1109 rectoribus

198 1143 383 1224 petierunt,
408 1149 448 1208 ut
472 1135 677 1210 adiutorium
703 1134 854 1197 militum
878 1136 913 1198 et
937 1133 1200 1199 balestariorum
1225 1153 1314 1196 com-

198 1231 294 1294 muni
317 1232 470 1296 Bononie
494 1227 689 1306 prestarent
711 1223 816 1287 turba
839 1223 986 1287 decenti.
1033 1220 1102 1300 Qui
1130 1222 1314 1286 communi-
1334 1240 1362 1278 10

198 1323 276 1383 cato
300 1313 462 1382 conscilio
489 1312 557 1376 duo
582 1311 678 1376 milia
694 1311 822 1375 milites
838 1314 874 1375 et
889 1311 1096 1394 quingentos
1113 1311 1315 1375 balestarios

197 1403 369 1471 communi
400 1401 555 1465 Bononie
588 1421 661 1465 esse
697 1401 838 1464 daturos
868 1401 1101 1483 promiserunt
1130 1402 1166 1463 et
1197 1419 1314 1463 conve·

114 1503 117 1508 '
196 1495 333 1556 nerunt.
392 1491 525 1568 Quibus
558 1491 610 1554 ita
643 1490 750 1574 gestis
779 1489 975 1553 Placentini
1009 1489 1138 1553 milites
1171 1508 1315 1552 numero

92 1683 121 1731 *1.
130 1684 178 1726 98“.

45 1863 90 1903 Iul.
100 1862 132 1904 20.
142 1862 177 1903 21.

91 2927 148 2974 «4⁸⁴9-
159 2927 178 2968 2.

64 3293 82 3325 e.
91 3283 147 3331 Aua.
158 3283 178 3326 8.

49 3825 71 3854 c.
80 3815 135 3862 nup.
147 3814 179 3856 16.

197 1579 404 1644 CLXXIIII
435 1579 538 1644 electi
566 1580 604 1642 in
634 1579 801 1642 auxilium
831 1577 1111 1655 Bononiensium,
1148 1577 1244 1660 equis
1279 1580 1315 1640 et

196 1669 520 1736 armisdeoentibus.
532 1667 691 1732 tentoriis
699 1669 735 1731 et
743 1687 907 1750 equorum
917 1667 1155 1750 cohoperturis
1164 1665 1314 1749 *egregie
1334 1685 1361 1724 15

196 1759 380 1841 preparati,
404 1757 618 1821 indumentis
641 1777 776 1839 quoque
800 1755 1054 1840 pretiosissimis
1078 1755 1226 1832 ornati⁸,
1258 1754 1314 1818 die

196 1847 339 1911 Veneris
363 1839 489 1908 XIII.b
517 1845 596 1908 Kal.
620 1845 711 1927 Aug.
741 1848 777 1908 et
808 1845 863 1909 die
893 1845 1030 1909 sabbati
1056 1845 1214 1926 sequenti
1238 1844 1315 1908 civi-

194 1939 305 1999 tatem
329 1935 498 2007 exierunt,
522 1934 589 1998 iter
612 1953 730 1998 eorum
753 1934 859 1998 eundi
881 1934 919 1997 in
942 1953 1141 1998 succursum
1165 1936 1201 1997 et
1224 1932 1314 1996 auxi·

195 2024 279 2086 lium
305 2023 575 2088 Bononiensium
598 2022 813 2105 inceperunt.
849 2021 1016 2087 Similiter
1038 2021 1315 2087 Mediolanenses

195 2133 338 2176 numero
376 2111 615 2196 quadrigenti⁰
644 2114 680 2176 et
708 2111 902 2176 Brixienses
937 2111 1089 2189 ducenti,
1128 2110 1315 2176 Oumenses
1334 2131 1362 2170 so

179 2220 338 2266 ¹numero
363 2203 502 2266 centum
526 2221 604 2264 cum
628 2201 686 2276 eis,
719 2221 837 2264 omnes
861 2200 965 2265 celeri
988 2201 1098 2282 gradu
1122 2200 1314 2264 Bononiam

196 2291 357 2356 accedere
391 2290 655 2354 festinaverunt.
709 2289 837 2353 Verum
872 2289 953 2372 quia
980 2289 1204 2366 Veronenses,
1237 2288 1314 2352 Tar·

195 2380 328 2457 visioni,
353 2379 538 2456 Vicentini,
570 2378 728 2443 Paduani
758 2382 794 2443 et
816 2379 1002 2442 Mantuani
1024 2379 1117 2442 iussa
1140 2373 1197 2443 etd
1224 2399 1315 2444 man:

196 2469 279 2533 data
301 2473 485 2546 rectorum,
517 2471 620 2552 prout
650 2471 864 2532 sacramento
888 2471 988 2532 erant
1011 2467 1154 2544 astricti,
1184 2467 1315 2530 adiuto-

195 2558 283 2621 rium
315 2557 446 2641 pariter
478 2560 514 2621 et
544 2556 712 2619 auxilium
735 2556 1010 2621 Bononiensibus
1041 2559 1194 2639 prestare
1222 2575 1314 2620 recu·
1334 2574 1361 2614 a

197 2643 322 2723 santes}
346 2646 438 2729 quod
462 2645 586 2728 legatis
603 2645 758 2709 Bononie
774 2646 1002 2728 promiserant
1025 2649 1061 2710 et
1085 2631 1316 2710 oorivenerant

197 2736 377 2800 attendere
401 2737 437 2798 et
460 2735 640 2798 observare
664 2735 804 2798 minime
827 2736 1033 2818 potuerunt;
1058 2735 1151 2797 unde
1166 2734 1233 2817 ipsi
1247 2753 1315 2797 rec·

196 2828 289 2888 tores
312 2824 499 2906 plurimum
524 2830 605 2886 sunt
628 2823 770 2900 turbati,
796 2823 913 2887 dolore
929 2823 1126 2888 vehementi
1142 2822 1314 2887 commoti.

198 2912 263 2976 Die
288 2912 439 2976 secundo
463 2912 589 2974 mensis
604 2912 757 2995 Augusti
780 2912 815 2975 in
834 2912 988 2976 Bononie
1012 2913 1188 2976 civitatem
1212 2911 1315 2974 intra-

196 3004 331 3077 verunt,
362 3001 497 3082 ingenti
527 3000 654 3083 gaudio
685 3005 720 3064 et
748 3001 854 3065 nimio
884 3001 1061 3084 triumpho
1089 3001 1132 3066 ab
1157 3000 1315 3064 omnibus
1334 3020 1362 3059 ao

196 3089 362 3173 recepti0.
419 3089 464 3152 In
498 3109 566 3172 qua
600 3090 705 3153 etiam
730 3090 880 3167 civitate,
916 3093 1020 3173 prout
1055 3090 1098 3154 de
1133 3088 1315 3173 potestatis

197 3178 353 3243 Bononie
376 3178 557 3243 voluntate
580 3178 659 3257 fuit,
688 3199 816 3242 moram
843 3199 903 3262 per
926 3198 984 3242 sex
1007 3179 1063 3242 vel
1086 3181 1217 3261 septem
1243 3177 1316 3242 dies

197 3268 365 3333 fecerunt.
420 3266 553 3346 Quibus
587 3268 639 3331 ita
668 3269 817 3351 peractis
847 3267 1082 3332 Bononienses
1113 3287 1191 3331 oum
1223 3266 1316 3330 omui

197 3360 301 3440 gente
331 3378 448 3422 eorum
480 3360 515 3420 et
546 3377 623 3421 cum
655 3357 789 3421 carocio
819 3361 855 3421 et
885 3356 1013 3420 milites
1044 3375 1162 3420 omnes
1186 3357 1221 3419 et
1245 3354 1314 3431 alii,

197 3446 257 3528 qui
278 3446 316 3508 in
339 3466 456 3510 eorum
480 3448 648 3510 venerant
670 3465 880 3521 succursum,
910 3448 1008 3510 extra
1031 3445 1207 3508 civitatem
1231 3443 1316 3508 exie·
1335 3462 1362 3503 as

196 3537 290 3597 runt.
336 3533 458 3598 Castra
488 3535 625 3616 quidem
657 3554 773 3598 eorum
804 3535 902 3598 iuxta
928 3533 1071 3597 fluvium
1096 3533 1256 3597 Scoltene
1279 3532 1316 3594 in

197 3623 354 3706 partibus
371 3622 496 3687 Sancte
511 3623 621 3687 Marie
636 3623 673 3686 in
687 3623 805 3687 Strata
821 3625 1020 3707 posuerunt,
1038 3621 1165 3686 amicos
1180 3640 1315 3703 quoque

198 3731 316 3776 eorum
348 3711 477 3774 ibidem
511 3715 742 3795 expectantes.
794 3711 882 3775 (lum
912 3715 1028 3775 autem
1058 3711 1108 3774 ibi
1138 3710 1316 3774 stetissent

198 3799 289 3864 circa
312 3803 390 3864 octo
414 3800 497 3876 dies,
529 3801 681 3864 exercitu
709 3801 869 3866 universo
896 3803 1106 3884 congregato
1135 3803 1171 3864 et
1194 3799 1316 3863 coadu-

197 3891 290 3964 nato,
321 3888 474 3952 tentoria
503 3892 679 3954 moventes
708 3890 745 3952 in
774 3893 902 3954 terram
925 3888 1177 3953 Mutinensium
1206 3887 1316 3950 inimi·
1334 3908 1363 3947 ro

197 4080 219 4127 a)
233 4080 315 4118 emend.
330 4079 402 4128 Pall.,·
416 4077 514 4118 ordinati
528 4090 546 4118 c.
609 4078 632 4129 b)
650 4081 681 4118 εἰσ
695 4081 850 4119 emendandum
864 4090 909 4118 eoae
922 4080 972 4118 bene
985 4080 1072 4119 coniecit
1085 4079 1180 4127 11-qu
1194 4078 1270 4118 VIIII.
1285 4087 1317 4122 a,-

197 4133 251 4182 ‘leae
260 4130 312 4173 VII'
322 4133 434 4182 praecepit
447 4133 518 4182 Perta,
532 4133 569 4170 aed
583 4133 627 4172 Iul.
638 4133 671 4176 26,
684 4133 729 4181 suit
743 4145 763 4176 a.
774 4135 833 4173 1229.
846 4134 892 4172 dies
907 4134 982 4172 Iovia!
1047 4135 1067 4180 c)
1083 4133 1115 4170 aio
1128 4143 1145 4174 c.
1213 4129 1237 4179 d)
1251 4130 1316 4171 iuxta

197 4184 273 4226 mand.
286 4198 329 4226 non
347 4186 397 4224 bene
410 4186 501 4234 H.·Br.,·
519 4185 547 4232 cs.
559 4186 626 4236 aas,
641 4187 656 4230 l.
665 4187 698 4229 tt.
708 4198 733 4235 p.
743 4188 789 4236 1⁰0,
804 4188 820 4227 l.
830 4188 850 4230 4.
864 4187 884 4228 5.
898 4187 931 4229 27,
998 4189 1019 4234 e)
1037 4187 1155 4235 ornandam,
1176 4188 1199 4223 ut
1219 4184 1318 4233 coaapn.

196 4241 321 4288 ooopkatme
338 4240 437 4288 arripiam
455 4240 569 4288 recepturi
583 4251 599 4282 c.
