3112 4856
241 263 277 319 dd
402 257 592 314 IOHANNIS
610 255 859 312 consensum
877 253 1060 310 nunnus
1077 253 1114 310 Δ.
1128 257 1207 311 1218.

146 453 223 506 1218.
242 444 403 508 universa
425 445 530 525 gente
553 462 673 505 eorum
696 444 732 504 et
755 460 874 504 omnes
897 440 959 503 alii
988 459 1106 503 eorum
1137 437 1240 502 amici
1250 435 1271 515 ¹,
1302 437 1363 520 qui

241 535 279 597 in
302 553 422 598 eorum
443 534 611 595 venerant
633 529 772 604 auxilio,
797 529 840 593 de
864 528 986 592 castris
1009 527 1167 592 exierunt
1186 530 1222 590 et
1237 526 1363 589 armati

242 625 279 687 et
309 620 470 685 asclerati
500 620 544 682 ad
574 619 689 682 locum
719 619 762 682 de
786 616 925 682 (libello
954 617 1102 690 iverunt,
1132 616 1168 678 in
1194 636 1261 698 quo
1286 614 1363 678 Ore

241 728 423 774 monentes
445 711 482 773 et
504 708 706 772 Parmenses
736 710 772 771 et
802 706 862 770 alii
892 727 1011 770 eorum
1038 704 1142 768 amici
1163 705 1303 768 fossatis
1326 707 1363 767 et

243 799 320 863 aliis
344 798 478 881 magnis
500 796 752 860 munitionibus
771 799 870 860 erant
886 795 1014 857 muniti
1028 794 1160 878 pariter
1175 797 1211 857 et
1225 793 1362 856 inclusi.
1386 811 1404 850 5

242 890 291 952 At
302 886 579 952 Mediolanenses
592 885 680 968 ipsi*
695 905 822 968 magno
833 884 967 967 impetu
979 887 1016 947 et
1027 882 1178 946 clamore
1190 902 1293 966 snper
1304 902 1363 945 eos

241 976 411 1040 insultum
433 977 603 1050 fecerunt,
627 976 663 1037 et
678 973 772 1037 tubis
788 994 850 1057 per
864 977 981 1056 partes
997 971 1199 1035 sonantibus
1215 970 1364 1054 prelium

241 1065 425 1148 incipitur;
456 1063 548 1146 quod
573 1063 720 1146 prelium
744 1062 881 1125 duravit
904 1061 948 1125 ab
972 1062 1059 1125 hora
1081 1081 1172 1124 none
1194 1080 1302 1142 usque
1324 1060 1364 1122 in

243 1154 356 1230 sero²;
380 1153 418 1216 in
441 1172 509 1235 quo
533 1151 643 1234 prelio
665 1151 709 1215 ab
732 1155 879 1234 utraque
902 1153 1001 1233 parte
1024 1149 1128 1212 multi
1142 1149 1242 1212 fuere
1258 1147 1363 1232 capti,

242 1240 513 1306 innumerabiles
535 1261 616 1304 vero
647 1240 808 1304 desiterii
836 1240 981 1303 fuerunt
1003 1238 1178 1302 vulnerati
1201 1241 1237 1302 et
1259 1238 1363 1301 inter·
1384 1257 1414 1296 ιο

242 1332 338 1396 fecti.
383 1329 552 1393 Videntes
586 1332 702 1392 autern
737 1332 879 1412 propter
906 1328 1019 1392 noetis
1049 1327 1295 1391 obscuritatem
1327 1330 1364 1390 et

243 1420 351 1504 ipsius
373 1418 442 1482 loci
465 1417 693 1482 munitionem
719 1420 756 1482 et
778 1417 1022 1481 fortitudinem
1045 1417 1139 1499 quod
1161 1416 1364 1500 inceperant

244 1508 288 1572 ad
318 1507 422 1572 finem
452 1506 593 1572 minime
623 1507 811 1591 perducere
841 1526 950 1591 posse,
981 1506 1026 1569 ad
1056 1508 1170 1568 castra
1198 1504 1362 1568 rediere3.

114 1621 223 1666 tanen.
244 1597 310 1661 Die
332 1595 477 1661 Veneris
506 1616 637 1659 moram
665 1595 796 1660 ibidem
825 1595 950 1660 fecere.
1003 1594 1126 1658 Altera
1160 1594 1216 1657 die
1251 1596 1365 1656 castra

244 1689 421 1750 moventes
442 1685 541 1748 iuxta
565 1686 716 1748 castrum
739 1685 782 1748 de
807 1683 949 1749 Buxedo
981 1703 1044 1746 sua
1067 1683 1171 1746 fixere
1194 1683 1362 1758 tentoria;
1384 1699 1412 1739 15

244 1775 335 1858 quod
359 1777 434 1838 erat
456 1773 612 1837 turribus
635 1773 769 1856 magnis
785 1775 821 1836 et
837 1793 926 1855 aqua
941 1773 1095 1854 undique
1112 1771 1364 1835 circumdatum

244 1867 280 1928 et
310 1865 494 1926 muratum.
541 1861 588 1924 ut
618 1881 659 1925 ea
688 1862 745 1925 die
774 1861 863 1925 illud
893 1863 1060 1944 ceperunt
1090 1864 1125 1924 et
1149 1861 1331 1924 diruerunt
1340 1859 1364 1921 ⁴²,

89 1977 139 2017 ret.
149 1977 182 2020 ιο,
192 1978 225 2018 11.
245 1951 367 2016 Altera
390 1949 446 2015 die
470 1950 731 2014 castramentati
753 1950 853 2013 fuere
875 1951 974 2012 iuxta
990 1949 1154 2033 Burgum,
1179 1949 1290 2013 altera
1308 1949 1365 2012 die

244 2040 423 2117 fossatum,
463 2038 556 2121 quod
590 2038 791 2103 Parmenses
830 2042 866 2102 et
900 2031 1115 2121 Burgensesb
1153 2039 1310 2102 fecerant
1344 2058 1366 2100 a

246 2128 362 2211 Burgo
377 2148 486 2211 usque
502 2128 547 2191 ad
563 2128 740 2211 Roagiam‚
765 2127 1008 2212 explanavere3
1025 2130 1157 2190 turrem
1175 2127 1217 2190 de
1233 2127 1366 2209 Roagia
1386 2145 1415 2184 so

245 2221 281 2282 et
296 2219 427 2281 turrem
444 2217 591 2300 desuper
607 2217 643 2279 in
655 2218 804 2299 quodam
820 2216 924 2300 podio
936 2215 1104 2300 positam⁰
1121 2217 1366 2280 destruxerunt

246 2309 281 2371 et
304 2306 497 2371 diruerunt.
537 2305 633 2369 Illud
648 2305 787 2388 quidem
803 2305 982 2369 Placentie
1001 2305 1130 2368 milites
1145 2306 1365 2369 transeuntes

246 2399 397 2459 castrum
422 2398 458 2460 et
480 2394 599 2458 villam
623 2395 666 2458 de
688 2389 1058 2478 Rivod-Sanguemrio
1085 2397 1121 2458 et
1145 2391 1365 2458 casale-bar-

246 2484 367 2548 batum
391 2487 427 2548 et
449 2483 727 2547 Tocammotam⁰
756 2486 792 2546 et
820 2482 933 2546 multa
962 2482 1032 2545 alia
1061 2481 1138 2546 loca
1165 2483 1239 2546 fere
1262 2481 1366 2544 XXX

132 2563 227 2660 1222:
248 2571 430 2656 *ceperunt
464 2576 500 2637 et
535 2572 779 2636 conbuserunt.
837 2571 903 2636 Die
937 2571 1102 2636 Mercurii
1136 2570 1295 2654 precibus
1330 2573 1365 2632 et
1385 2589 1413 2628 25

247 2681 362 2726 amore
378 2660 515 2725 abbatis
531 2653 778 2725 communisf·⁵
793 2660 981 2738 Placentia
1006 2660 1117 2742 quiin
1133 2660 1209 2743 ipsa
1223 2663 1366 2723 venerat

246 2860 269 2907 a)
282 2859 405 2906 tmemtcot;
419 2859 499 2898 inclusi
508 2870 522 2897 a
532 2857 734 2898 mediolanensibus
745 2854 829 2910 b(nlsi)
838 2870 926 2909 magno,
941 2861 979 2909 qut
992 2861 1052 2898 toene
1065 2860 1120 2897 cette
1133 2862 1189 2898 terto
1201 2860 1274 2908 quoad
1282 2869 1368 2896 enatem

247 2913 332 2951 restitut
341 2915 419 2962 potest,
430 2913 528 2962 quamvis
538 2913 568 2951 At
577 2916 596 2951 et
605 2912 649 2960 lpsl
657 2913 724 2951 detta
733 2913 783 2961 sint,
793 2915 851 2962 quod
860 2925 904 2952 non
913 2914 1028 2951 dolendam
1037 2917 1075 2962 eet,
1087 2914 1139 2962 quta
1149 2913 1293 2960 Oodaaneltua
1302 2912 1369 2950 verba

247 2966 332 3014 inante,
346 2965 460 3004 sexcenties
470 2965 562 3014 prolato
576 2966 673 3014 rennuit,-
687 2967 715 3012 cf.
730 2977 799 3015 supra
808 2978 834 3016 p.
844 2967 877 3009 41.
891 2967 924 3008 51.
938 2967 972 3006 5³.
1022 2966 1046 3014 b)
1060 2967 1141 3006 emend,
1156 2966 1248 3012 H.-Br.,·
1265 2967 1337 3014 burgi
1350 2976 1368 3008 c.

247 3020 268 3066 o)
285 3018 359 3068 posits
373 3029 390 3061 o.
444 3017 716 3066 (inconsistentem
735 3030 779 3058 uno
793 3030 825 3068 c.,·
839 3020 867 3068 σί.
882 3030 952 3068 supra
966 3020 1057 3068 a.1188,
1068 3031 1093 3068 p.
1105 3021 1138 3069 17,
1153 3019 1168 3060 l.
1179 3019 1211 3060 tt.
1263 3021 1368 3067 clemen·
1388 3017 1416 3056 30

247 3071 314 3124 dam·
332 3075 400 3111 totam
415 3075 497 3111 motam
511 3083 542 3118 o.‚·
560 3071 706 3120 eogamstum
719 3073 782 3115 Galo.
795 3073 906 3122 Flamma,
922 3073 1005 3122 Mentp.
1019 3084 1038 3112 c.
1049 3073 1095 3121 252,
1114 3073 1171 3112 vante
1187 3073 1283 3121 fortem
1296 3073 1370 3112 'Foca-

248 3128 331 3165 mttum
345 3124 487 3167 ecrtbenctum.
547 3124 565 3176 l)
579 3125 623 3164 offis
638 3136 664 3173 a,
679 3126 736 3175 qnod
749 3136 833 3175 comper
846 3130 877 3165 est
891 3127 1020 3168 communis.

249 3303 276 3370 1)
305 3301 376 3366 Quos
401 3309 557 3355 enumerant
581 3302 656 3357 Cont.
675 3303 786 3354 Sit-arcti
809 3309 832 3354 et
857 3304 931 3355 Ann.
950 3303 1070 3357 Cremcn.
1093 3309 1116 3355 et
1135 3304 1207 3357 Ann.
1234 3303 1367 3369 Beryom„

249 3372 334 3429 ‘Mtte
353 3374 385 3425 di
407 3375 495 3426 storin
512 3373 645 3425 Itcttanc'
662 3375 692 3438 V,
707 3390 736 3440 p.
749 3376 810 3429 224.
883 3374 910 3440 2)
934 3374 1035 3426 Eadem
1061 3375 1118 3438 fere
1142 3374 1221 3426 cerba
1246 3376 1276 3425 in
1295 3373 1368 3426 Ann.

247 3444 341 3498 Parm.
359 3446 423 3498 mcs'.
438 3461 468 3512 p.
482 3446 542 3499 666.
621 3446 649 3511 3)
670 3445 820 3509 Inferiores
837 3445 1012 3497 dicesserunt
1030 3444 1238 3498 Mediomnnwes
1255 3446 1369 3510 sociique
1388 3459 1416 3499 st

246 3530 348 3578 eorum,
366 3520 396 3565 nt
413 3521 530 3582 qnctnor
548 3515 654 3567 mndata·
667 3521 787 3568 cnmcrce
802 3517 933 3581 referunt,
953 3522 976 3568 et
992 3516 1141 3568 Tolosanns
1153 3532 1173 3570 c.
1186 3518 1245 3581 156,
1265 3533 1291 3582 p.
1303 3517 1368 3582 7023

248 3584 393 3637 Schicct'na
412 3585 428 3641 l.
443 3586 459 3639 l.
479 3587 607 3652 col.152;
627 3585 726 3640 Olenon.
740 3587 848 3650 Mutia,
867 3587 1015 3652 dictatori,
1034 3587 1083 3639 SS.
1096 3587 1128 3638 X
1132 3588 1163 3654 V,
1183 3587 1228 3641 cot.
1241 3588 1303 3651 558,
1323 3585 1372 3636 nbi

248 3655 321 3721 falso
338 3655 437 3707 dicum
455 3663 491 3709 est
504 3659 639 3708 curceium
650 3656 891 3710 Mediomnenet'nm
902 3663 1008 3725 captum
1025 3673 1078 3710 esse
1089 3659 1137 3723 (cf.
1151 3658 1226 3712 Cont.
1239 3656 1368 3720 sicardi).

249 3726 292 3791 Os.
311 3727 416 3778 Alcesti
433 3727 537 3779 Mittott
553 3727 613 3779 Ltt.
632 3729 663 3780 dt
685 3734 762 3795 temp.
781 3744 801 3782 c.
814 3731 880 3796 2173
906 3729 977 3782 Ann.
997 3729 1103 3782 Medici.
1123 3731 1239 3782 minores
1260 3729 1369 3795 p.398;

249 3798 321 3853 Ann.
334 3804 380 3852 vet.
390 3797 498 3862 Mittin„
513 3799 660 3864 Muratom’,
674 3798 721 3852 st.
732 3799 785 3865 XI,
799 3801 844 3854 ccl.
855 3801 903 3865 583
917 3800 1006 3852 ‘Crom
1019 3801 1050 3852 di
1061 3800 1199 3866 Boloyna’‚
1211 3799 1246 3854 ib.
1257 3799 1289 3850 X
1292 3797 1369 3866 VIII,
1388 3815 1417 3853 co

248 3869 293 3924 col.
307 3870 368 3928 252.
423 3869 451 3936 4)
469 3869 511 3933 Cf.
525 3869 602 3924 Mem
616 3870 722 3924 Mediol.
731 3887 760 3938 p.
774 3873 835 3927 401.
890 3871 917 3939 5)
936 3870 1027 3937 Inepte
1043 3871 1089 3925 boe
1103 3873 1202 3923 dictum
1219 3877 1262 3924 eat.
1295 3869 1371 3933 Quod

249 3939 355 3993 terbum
380 3941 437 3991 nist?
457 3947 614 4008 corruptum
636 3946 681 4007 eet,
707 3948 768 3994 ante
794 3943 842 3994 hoc
866 3943 997 4010 quaedam
1021 3944 1149 3995 excidebat
1171 3943 1277 3995 conicio.
1314 3940 1372 3992 Ant

249 4010 367 4063 abbatem
380 4011 407 4065 S.
421 4010 518 4062 Setini
534 4017 582 4063 ant
595 4012 621 4065 S.
635 4011 711 4063 Sinti
727 4016 950 4066 monasteriorum
962 4013 1178 4066 Pltcmtt‘nornm
1196 4013 1267 4065 bunc
1285 4013 1372 4076 fuisse

248 4082 405 4134 censendum
423 4088 467 4136 est.
501 4082 575 4136 Gala.
594 4082 727 4148 hlamma,
749 4084 855 4153 Manip.
873 4101 894 4139 c.
907 4087 969 4150 252,
992 4085 1040 4136 hoc
1058 4085 1111 4138 loco
1129 4086 1262 4151 exscepto
1280 4083 1372 4135 naen:

250 4151 378 4220 precibus
396 4151 608 4205 ambasiatorum
626 4152 661 4206 dc
673 4152 806 4222 Bononia,
825 4154 872 4224 qui
891 4155 926 4208 ad
943 4171 1041 4224 pacem
1060 4154 1213 4208 faciendam
1229 4155 1370 4208 venerant.
1390 4168 1419 4208 ss

252 4223 286 4274 ln
303 4223 354 4276 hat
371 4223 501 4277 (inmetata
519 4230 619 4277 tentum
637 4225 732 4278 codicis
749 4232 854 4280 mutare
871 4243 925 4280 non
944 4243 1027 4279 ausus
1045 4243 1112 4281 snm.
