3112 4856
364 273 554 328 IOHANNIS
573 268 821 327 GODAGNELLI
839 270 1021 326 ANNALES
1039 271 1075 327 A.
1090 273 1169 328 1226,

424 462 464 520 27
491 458 557 522 Die
580 457 738 540 sequenti
762 455 917 539 proximo
941 489 985 498 -

488 548 580 612 Vera
602 546 724 629 loquor
748 546 791 609 de
814 544 962 628 pessimo
987 577 1029 588 -

488 636 532 699 In
555 635 713 719 partibus
737 634 891 710 Faentia
1063 633 1067 642 '

489 725 538 789 Ut
561 724 724 808 conpleat
746 723 910 806 nequitie,

528 813 721 896 Requievit,
746 832 859 896 opera.

424 951 466 1010 28
489 947 535 1009 In
558 946 626 1011 alio
649 946 710 1029 qui
733 943 909 1028 sequitur1

487 1035 520 1098 Α
543 1036 613 1099 suis
637 1035 733 1118 equis
757 1036 896 1099 vehitur

404 1123 407 1130 “
487 1123 544 1186 Ad
568 1123 745 1188 civitatem
768 1124 942 1208 propriam
953 1123 973 1200 ²,

488 1212 564 1291 Qua
587 1234 679 1277 nunc
703 1216 797 1276 amat
820 1212 1010 1297 perfidiam,

528 1302 634 1366 quta
656 1303 767 1386 ipsam
790 1321 979 1367 comoranr.

426 1441 467 1498 29
493 1435 573 1501 *Die
598 1436 712 1500 lunari
735 1436 877 1520 regulus
887 1435 908 1512 ³,

489 1524 596 1589 Cuius
620 1530 844 1608 estnequam
868 1524 999 1600 oculus,

487 1614 551 1678 Est
573 1615 603 1678 is
625 1616 724 1678 iuxta
746 1613 956 1678 Medicinam

489 1704 759 1768 Bononiensium
781 1703 931 1767 vicinam
1014 1771 1017 1774 ,

489 1791 712 1876 *Hospitatus
735 1793 933 1876 imperator.

425 1928 467 1987 30
491 1924 557 1988 Die
581 1925 704 1988 Martis
727 1925 912 2008 requiescit
935 1959 980 1966 —

488 2013 522 2075 N
524 2033 562 2078 ec
585 2013 790 2087 Loubardus
814 2014 1010 2097 expavescit
1034 2047 1077 2056 -

489 2102 667 2185 Aquarum
690 2102 930 2180 inundantia⁴‚

489 2189 590 2270 Quod
614 2193 654 2255 fit
679 2186 791 2276 [Deis]
816 2192 961 2268 iustitia,

529 2281 634 2344 quta
658 2282 790 2346 dictum
814 2281 966 2363 opidum.

425 2419 465 2476 31
492 2415 537 2479 st
559 2416 597 2479 in
621 2416 676 2480 die
699 2415 864 2480 Mercurii

488 2504 632 2570 Decimo
657 2505 782 2569 mensis
805 2504 925 2581 Medii,

489 2593 554 2657 Oui
575 2595 701 2659 tertius
724 2594 899 2676 iungatur,

487 2683 543 2745 Ad
567 2684 632 2746 hcc
656 2685 696 2745 ut
718 2703 801 2747 vera
823 2675 997 2746 fateaturb

528 2771 596 2850 Qui
620 2771 766 2834 dictavit
789 2771 953 2847 utimum,

424 2908 465 2966 33
489 2904 684 2985 Imperator
706 2904 868 2982 furiosus,

487 2991 556 3070 Qui
578 3013 670 3056 nunc
693 2992 775 3055 viris
799 2995 852 3057 est
875 3012 1005 3071 exosus,

486 3080 631 3143 Nullum
656 3080 776 3146 ledens
800 3081 979 3164 equitavit,

488 3168 578 3249 Quia
601 3170 671 3233 suis
695 3171 960 3248 commendavit,

526 3259 647 3323 Partes
672 3253 760 3342 [ad⁰}
786 3260 952 3324 Bononia.

423 3399 464 3456 33
489 3391 590 3472 Quod
613 3396 653 3455 ut
675 3394 796 3457 vident
820 3389 1089 3470 Bononiensesd,

487 3481 580 3560 Quos
604 3502 696 3545 nunc
720 3485 838 3545 amant
861 3482 1087 3560 Metaurenses,

486 3570 722 3635 Permiserunt
745 3592 823 3635 eum
847 3571 898 3636 ire

486 3661 602 3742 Atque
626 3662 740 3724 castra
762 3660 918 3724 stabilire

527 3748 625 3813 Inter
647 3769 683 3812 se
708 3751 743 3813 et
766 3749 950 3812 Mutinam.
1345 3768 1373 3808 aa

205 3921 228 3972 a)
248 3923 320 3971 carpat.
333 3922 426 3969 11.·13r.,·
439 3932 481 3964 cm.
494 3932 511 3963 c.
572 3921 595 3969 b)
615 3922 696 3961 eillcba
714 3933 759 3960 una
776 3921 881 3965 abundat.
940 3921 961 3973 c)
980 3934 1021 3965 om.
1035 3934 1064 3969 c.,·
1082 3920 1119 3962 Ad
1137 3926 1213 3972 partes
1233 3922 1327 3971 H.·sr.,·

206 3975 311 4015 Partibus
325 3976 396 4017 Perta.
454 3972 478 4023 d>
496 3975 540 4023 leffe
554 3975 715 4025 Boucnjenues,
730 3979 754 4014 ue
766 3979 807 4020 atr.
818 3977 852 4025 14,
866 3988 884 4018 v.
894 3977 915 4018 3,
930 3980 949 4014 ct
963 3977 997 4026 29,
1012 3978 1059 4019 m.
1074 3977 1255 4027 Boncnjensium.

207 4110 234 4176 1)
255 4111 274 4162 i.
289 4124 309 4162 c,
328 4115 447 4175 aequente
463 4109 513 4162 dic,
585 4110 614 4172 2)
633 4109 763 4176 Imolam;
783 4110 818 4173 cf.
838 4110 916 4164 Gran.
935 4109 1141 4176 Reinhardebr„
1161 4109 1210 4162 SS.
1229 4109 1325 4176 XXX,

201 4197 232 4247 p.
245 4181 312 4247 604;
331 4183 403 4234 Ana.
422 4181 539 4234 Placent.
560 4179 620 4235 θῶ.
635 4197 664 4246 p.
677 4182 743 4248 469;
763 4181 826 4246 Ray.
845 4181 913 4250 Imp.
932 4181 963 4248 V,
983 4198 1026 4236 nr.
1041 4183 1136 4236 16050.
1222 4181 1249 4248 3)
1265 4183 1284 4234 i.
1304 4196 1324 4235 c.

206 4253 313 4316 anquis.
331 4251 419 4306 Perta.
494 4253 522 4320 4)
542 4249 583 4304 Dc
600 4267 653 4320 quc
671 4252 728 4304 vide
747 4252 824 4306 Grcn.
844 4252 1040 4307 liciniani-debr.
1059 4253 1075 4306 l.
1093 4253 1110 4306 l,
1344 4267 1373 4304 ιο
