3112 4856
346 325 537 383 IOHANNIS
556 325 803 381 GODAGNELLI
820 324 1001 382 ANNALES
1019 325 1055 380 A.
1069 329 1146 382 1231.
1264 328 1315 382 107

195 511 365 596 optabant
395 511 440 575 ad
470 511 600 575 exitum
630 529 847 592 nequaquam
878 510 1066 594 perducere
1090 529 1199 593 posse,
1236 509 1317 592 quia
1336 516 1414 572 1231.

196 604 319 686 pontes
343 621 462 665 eorum
485 601 529 663 ad
554 599 824 682 expugnandum
844 602 993 662 castrum
1011 598 1230 681 longitudine
1246 619 1317 662 non

197 693 297 756 erant
320 690 543 766 sufficientes,
568 689 611 752 ab
637 687 892 772 expugnatione
913 686 1032 751 *castri
1055 688 1259 752 indecenter
1282 690 1437 760 1111011,

196 780 348 863 turpiter
371 782 407 843 et
429 779 521 842 malo
544 778 665 841 ordine
688 780 914 842 secesserunt.
960 777 1006 839 Et
1029 779 1114 840 tunc
1138 777 1319 841 intrinseci

160 870 240 933 cde
270 868 346 932 loco
377 869 540 933 exeuntes
573 869 724 951 pontem,
759 886 861 948 quem
884 865 1160 930 Mediolanenses
1191 866 1236 929 ad
1266 886 1319 929 ex·

197 958 424 1043 pugnandum
441 959 591 1020 castrum
608 956 773 1031 fecerant,
792 955 1036 1018 conbuserunt.
1076 954 1119 1016 In
1134 955 1198 1018 illa
1214 954 1319 1019 etiam

199 1047 455 1131 expugnatione
471 1045 748 1110 Mediolanenses
772 1045 1019 1107 detrimentum
1039 1043 1217 1107 hominum
1235 1065 1320 1107 mor·

197 1140 338 1200 tuorum
363 1155 527 1216 magnum
550 1134 790 1198 sustinuerunt
818 1136 853 1197 et
877 1129 1085 1196 habuerunt.
1133 1131 1201 1212 Qui
1225 1136 1321 1196 metu

200 1227 235 1290 et
257 1225 381 1288 timore
406 1223 512 1287 nimio
535 1223 637 1287 valde
661 1222 829 1307 perteniti,
862 1221 1026 1286 timentes
1056 1222 1151 1285 ultra
1180 1222 1321 1285 modum

155 1339 182 1378 10
201 1314 419 1398 gravissimos
442 1313 534 1376 ictus
557 1312 714 1395 lapidum
738 1316 962 1394 magnoruma
990 1314 1094 1394 atque
1117 1312 1208 1374 ictus
1233 1310 1322 1374 bale-

201 1403 384 1467 stariorum
408 1402 649 1477 ferocissimos,
675 1401 852 1463 audatiam
876 1421 1011 1482 quoque
1036 1402 1072 1463 et
1088 1400 1254 1464 virtutem
1273 1399 1322 1462 in·

200 1493 427 1556 trinsecorum
452 1492 656 1566 metuentes,
681 1489 796 1553 locum
820 1489 919 1551 illum
944 1489 1084 1572 preliari
1106 1509 1219 1572 neque
1239 1488 1323 1553 belli

201 1582 379 1644 fortunam
402 1600 480 1643 cum
501 1580 549 1642 eis
569 1581 741 1662 temptare
763 1581 884 1661 postea
907 1578 983 1641 ausi
1002 1577 1157 1642 fuerunt.
1202 1577 1323 1641 crede·

202 1670 288 1734 bant
312 1671 403 1734 enim
427 1661 626 1732 intrinsecib
648 1667 784 1731 cibariis
809 1687 933 1744 carere,
958 1687 1064 1749 quare
1088 1666 1203 1730 locum
1222 1667 1322 1728 illum

157 1783 184 1824 11
203 1759 331 1841 absque
376 1757 469 1822 bello
507 1757 644 1821 vincere
690 1759 725 1820 et
771 1756 899 1820 habere
946 1776 1045 1840 posse
1083 1755 1325 1819 indubitanter

202 1848 398 1933 sperabant.

311 1935 439 2000 Eodem
466 1938 583 1999 autem
606 1938 761 2019 ternpore
786 1933 900 1997 dictus
923 1933 1077 1997 marchio
1094 1933 1192 2016 quasi
1208 1953 1325 1996 amens

204 2028 273 2090 huc
297 2029 333 2090 et
355 2025 440 2089 illuc
463 2024 675 2108 vagipalans,
700 2025 843 2087 tandem
868 2024 911 2086 ad
935 2023 1079 2106 Papiam
1102 2025 1138 2086 et
1158 2021 1326 2086 Oremone

205 2116 382 2179 civitatem
406 2114 560 2190 accessit,
586 2114 628 2177 ab
653 2113 701 2177 eis
724 2111 932 2177 lacrimabili
956 2116 992 2176 et
1014 2133 1096 2176 voce
1120 2111 1245 2174 humili
1267 2110 1327 2174 im·

160 2231 187 2270 10
205 2205 383 2288 plorando,
407 2206 449 2265 ut
471 2223 671 2266 succursum
690 2201 821 2284 pariter
840 2205 874 2264 et
891 2201 1082 2264 subsidium
1099 2201 1143 2264 ad
1160 2221 1220 2264 sue
1235 2203 1327 2264 terre

206 2293 441 2358 defensionem
453 2291 485 2354 ei
494 2293 648 2373 prestare
659 2290 833 2367 deberent,
847 2289 1042 2373 pollicendo
1054 2290 1147 2373 1111ὓ
1163 2289 1326 2366 marchio,

207 2381 443 2465 promittendo
475 2383 510 2443 ct
540 2379 687 2442 iurando
716 2381 843 2442 terram
869 2399 976 2453 suam,
1007 2379 1169 2442 universa
1193 2378 1269 2442 loca
1293 2382 1328 2442 et

207 2473 321 2534 castra
336 2470 379 2532 ad
391 2469 609 2533 voluntatem
622 2488 739 2531 eorum
753 2487 825 2531 esse
838 2468 1011 2531 daturum.
1047 2466 1148 2546 Quod
1161 2467 1328 2531 auxilium

207 2562 243 2623 et
266 2559 478 2621 adiutorium
502 2577 575 2620 erse
599 2557 742 2620 daturos
765 2555 921 2639 plenarie
939 2557 1171 2640 promiserunt
1195 2559 1230 2620 et
1254 2577 1329 2620 con·

162 2673 188 2714 11
206 2651 385 2712 venerunt.
414 2647 663 2710 Verumtamen
675 2666 741 2728 que
754 2645 856 2709 dictis
873 2649 909 2709 et
920 2645 1033 2709 verbis
1049 2646 1081 2710 ei
1097 2646 1330 2729 promiserunt

206 2737 310 2800 factis
345 2755 480 2819 quoque
518 2736 698 2799 attendere
736 2736 992 2811 recusaverunt,
1032 2755 1198 2799 memores
1238 2735 1330 2800 enim

206 2827 347 2890 minime
377 2826 522 2890 fuerunt
545 2824 640 2888 verbi
665 2824 843 2888 cuiusdam
871 2823 1037 2908 sapientis
1061 2824 1224 2888 dicentis:
1258 2823 1330 2886 ‘Est

207 2915 364 2998 stultum
389 2909 483 2979 fere<1
522 2914 734 2997 promittere,
775 2913 834 2978 sed
870 2915 952 2978 dare
987 2913 1127 2977 nolle0’.
1181 2913 1328 2977 Interim

206 3004 360 3068 marchio
391 3004 435 3067 ad
461 3003 610 3067 Olavasii
640 3007 757 3087 partes
788 3001 978 3081 *accedena
1011 3003 1153 3067 credens
1186 3003 1447 3072 1111111111101,

162 3113 405 3160 101001111111111
429 3093 556 3157 habere
581 3092 715 3166 debere,
740 3112 801 3175 per
818 3092 961 3155 nuntios
978 3113 1066 3170 suos,
1091 3113 1176 3175 quor
1200 3093 1328 3176 inipso

206 3180 282 3245 loco
312 3184 415 3245 nocte
445 3181 618 3258 mittebat,
655 3181 703 3244 eis
734 3181 960 3262 significando
992 3180 1159 3244 auxilium
1189 3181 1325 3263 quidem

207 3273 243 3334 11
263 3291 461 3334 succursum
479 3291 499 3332 a
514 3268 751 3353 Pupiensibus,
770 3268 1067 3344 Cremonensibus
1085 3269 1329 3333 Parmensibus

208 3361 244 3423 et
266 3358 543 3422 Terdonenribus
574 3362 609 3422 et
639 3357 682 3420 ab
715 3378 833 3421 eorum
857 3351 1095 3439 sequacibusf‚
1126 3357 1286 3422 similiter
1309 3379 1330 3420 a

208 3447 402 3525 comitibus,
433 3447 700 3522 marchionibus,
731 3447 937 3510 Astensibus
969 3451 1004 3509 et
1034 3447 1111 3509 aliis
1140 3447 1222 3511 viris
1252 3468 1329 3530 pru-

162 3563 189 3602 15
208 3537 381 3612 dentibus,
405 3535 581 3600 nobilibus
605 3535 733 3611 amicis,
756 3535 919 3599 ‘fidelibus
936 3536 1005 3598 suis
1021 3535 1162 3598 illarum
1178 3536 1329 3619 partium

207 3626 245 3689 in
268 3625 422 3709 presenti
446 3625 518 3689 iore
542 3624 754 3700 habiturum,
778 3625 941 3688 instando
963 3629 999 3687 11
1015 3644 1072 3688 101
1089 3625 1329 3690 attentissimis

209 3714 368 3799 precibus
401 3714 593 3779 amonendo
629 3734 690 3797 per
722 3713 862 3776 nuntios
896 3717 931 3776 et
954 3715 1118 3796 rogando,
1151 3717 1192 3776 111
1215 3715 1330 3779 locum

209 3803 359 3868 Clavasii
382 3803 427 3866 ad
451 3803 523 3867 eius
547 3804 712 3866 honorem
735 3805 770 3866 et
790 3801 970 3866 civitatum
986 3803 1093 3887 Papio
1111 3805 1146 3866 et
1163 3802 1329 3868 Cremone

209 3895 244 3958 et
279 3893 465 3956 amicorum
503 3892 576 3956 eius
611 3892 756 3955 firmiter
791 3895 827 3955 et
865 3891 1041 3970 securiter,
1078 3891 1188 3956 veluti
1222 3913 1329 3976 usque

161 4011 190 4050 40
208 3983 310 4046 modo
334 3982 500 4059 fecerant,
525 3981 711 4045 defendere
736 3983 772 4044 et
794 3984 1019 4046 manutenere
1041 3981 1201 4059 debeant,
1226 3982 1329 4046 fidem

209 4091 344 4154 quoque
368 4075 404 4135 et
426 4071 623 4134 iuramenta
646 4090 765 4134 eorum
788 4069 888 4134 illesa
911 4089 1123 4135 conservare.

209 4224 232 4275 a)
245 4237 407 4276 manganorum
421 4226 509 4264 coniecit
519 4226 583 4274 Part,
597 4225 626 4273 cf.
636 4225 672 4267 ίΝ.
681 4222 771 4264 Archiv'
781 4225 806 4263 X
809 4225 846 4274 VI,
856 4237 883 4274 p.
892 4226 940 4274 489,
955 4225 1008 4267 111.
1064 4224 1088 4276 b)
1101 4225 1132 4264 111
1143 4236 1161 4265 1.
1166 4239 1174 4273 ,·
1188 4225 1332 4275 interpretare

209 4279 349 4381 1111ιὲ11ξὲ1οέ.
398 4280 585 4330 ,1)1011111111.
601 4290 618 4322 1,
666 4276 690 4330 d)
703 4280 751 4318 sere
764 4283 891 4328 corruptum
906 4279 1054 4318 1111011111.
1103 4280 1124 4327 1)
1138 4279 1188 4318 11011
1202 4289 1221 4320 c.
1266 4277 1331 4330 ose·
