3118 4840
421 254 611 310 IOHANNIS
630 255 875 310 OODAGNELLI
893 255 1075 312 annates
1094 257 1129 312 A.
1144 261 1222 314 1216.
1350 262 1384 316 59

264 440 373 525 prelio
397 439 634 523 perdiderunt,
659 460 743 522 quos
759 439 956 503 Placentini
972 440 1170 504 habuerunt
1189 444 1225 504 et
1244 441 1384 504 domum
1404 451 1486 504 1216.

264 531 447 593 duxerunt.
494 527 615 591 Nostri
648 548 783 611 quoque
818 529 967 592 acerimo
1002 532 1037 592 et
1069 528 1258 592 fortissimo
1292 531 1384 614 ipsos

264 618 510 683 Cremonenses
534 617 784 700 aggrediuntur
807 617 940 700 impetu
964 619 1000 680 et
1018 617 1052 680 vi
1076 618 1223 680 maxima
1247 619 1290 682 ab
1314 619 1383 682 illis

264 728 300 772 se
331 710 501 771 conantur
531 705 727 770 defendere.
775 705 820 767 Et
850 706 933 768 dum
969 706 1031 770 hec
1066 710 1235 788 geruntur
1270 711 1306 772 et
1340 708 1383 771 ab

228 817 241 856 s
264 799 410 879 utraque
434 798 532 880 parte
556 798 741 878 pugnatur,
761 794 957 858 Placentini
972 795 1148 859 intuentes
1165 796 1384 860 multitudini

265 905 383 951 eorum
407 885 547 948 minime
577 884 737 948 resistere
761 904 869 966 posse,
900 887 993 948 retro
1023 884 1090 947 iter
1120 904 1237 948 eorum
1267 905 1384 968 aggre-

265 975 409 1050 dientes,
440 978 558 1036 tamen
588 993 666 1036 eum
697 973 745 1037 eis
776 993 910 1056 semper
932 975 1127 1055 pugnantes
1155 977 1190 1037 et
1215 973 1383 1037 insultum

264 1083 366 1146 super
390 1083 447 1126 eos
465 1062 594 1146 pluries
612 1061 791 1137 facientes,
816 1082 923 1144 usque
940 1062 985 1124 ad
1001 1061 1177 1126 Montale²
1195 1063 1382 1126 redierunt,

265 1151 357 1230 Quos
389 1150 635 1215 Cremonenses
665 1154 700 1214 et
730 1150 944 1227 Parmexani,
980 1150 1194 1215 Mutinenses
1225 1154 1261 1215 et
1290 1152 1385 1215 Man·

220 1263 246 1300 ιο
263 1241 364 1305 tuani
386 1261 495 1323 usque
519 1241 563 1303 ad
578 1239 693 1303 locum
709 1233 895 1302 Montalisb
915 1239 1063 1304 insecuti
1079 1238 1186 1312 fuere,
1205 1244 1240 1304 et
1255 1240 1384 1305 ibidem

265 1329 461 1393 Placentini
477 1328 639 1392 bellicose
656 1328 772 1392 eonati
792 1332 874 1391 sunt
890 1329 939 1392 eis
955 1328 1122 1392 resistere.
1164 1327 1250 1392 Oum
1268 1333 1382 1393 autern

265 1419 314 1482 sic
338 1421 520 1494 certarent,
546 1437 620 1482 sero
643 1417 714 1480 iam
737 1417 1045 1501 appropinquante,
1069 1417 1197 1480 vexilla
1213 1418 1281 1481 duo
1298 1439 1384 1482 com·

266 1507 378 1570 munis
402 1506 593 1570 Mediolani
622 1526 700 1569 aum
727 1506 822 1569 tubis
853 1509 888 1569 et
913 1506 1006 1569 *cum
1035 1506 1208 1589 aliquibus
1232 1507 1384 1572 eiusdem
1404 1530 1492 1577 *aaut

265 1596 360 1659 urbis
383 1595 562 1671 militibus,
594 1595 652 1677 qui
683 1595 726 1658 ad
756 1598 906 1658 nostram
933 1597 1148 1658 accesserant
1176 1596 1351 1660 civitatem
1363 1597 1383 1672 1,

221 1707 246 1746 15
265 1685 302 1747 in
325 1685 400 1768 ipso
423 1685 595 1748 intravere
620 1683 722 1747 bello.
761 1683 853 1747 Visis
872 1684 1006 1748 vexillis
1028 1689 1063 1747 et
1085 1683 1180 1747 tubis
1196 1685 1386 1748 Mediolani

266 1772 598 1838 aCremonensibus
628 1777 663 1837 et
694 1773 936 1838 Parmensibus
972 1773 1109 1849 auditis,
1144 1772 1239 1837 illico
1272 1774 1385 1837 redire

266 1865 441 1946 oeperunt.
498 1862 692 1926 Placentini
724 1882 804 1926 vero
840 1883 916 1926 curn
952 1862 1035 1946 ipsis
1068 1862 1385 1927 Mediolanensibus

265 1953 357 2036 ipsos
380 1952 609 2034 insequentes,
635 1971 713 2014 cum
737 1951 807 2013 illis
823 1972 958 2034 quoque
978 1955 1183 2034 pugnantes,
1204 1972 1261 2016 eos
1278 1971 1385 2034 usque

265 2042 301 2104 in
317 2040 463 2104 Nuriam
479 2039 703 2123 impulerunt.
743 2039 872 2103 Verum
888 2040 970 2121 quia
985 2041 1084 2123 nigra
1099 2061 1167 2104 nox
1184 2044 1383 2116 accesserat,
1434 2114 1441 2123 Ἀ

221 2153 249 2191 20
266 2133 302 2194 et
331 2130 511 2212 utriusque
542 2128 650 2212 partis
680 2127 855 2192 vulnerati
884 2131 983 2191 erant
1014 2128 1142 2192 milites
1172 2129 1379 2211 plurimume

266 2219 440 2301 nimioque
478 2217 621 2299 fatigati
659 2216 786 2291 labore,
826 2216 1094 2280 innumerabiles
1133 2218 1213 2299 equi
1251 2215 1385 2281 Creme-

266 2307 423 2371 nensium
448 2311 483 2370 et
506 2305 742 2368 Parmensium
766 2304 941 2368 vulnerati
965 2308 1000 2369 et
1023 2305 1208 2380 interfecti,
1238 2309 1385 2389 utraque

267 2415 345 2479 pars
383 2393 577 2458 voluntarie
616 2393 756 2457 secessit
766 2394 786 2454 2.
849 2393 892 2456 In
934 2413 1001 2475 quo
1043 2393 1152 2476 prelio
1190 2394 1386 2458 Placentini

267 2486 433 2567 ceperunt
456 2483 547 2547 cirea
570 2485 709 2546 centum
727 2482 854 2546 milites
873 2483 916 2545 de
933 2481 1118 2545 maioribus
1135 2485 1170 2546 et
1186 2482 1386 2547 melioribus

222 2593 248 2633 a
267 2572 434 2636 Oremoue
451 2572 634 2647 etParme,
651 2571 743 2635 inter
759 2591 843 2653 quos
858 2571 929 2633 fuit
940 2570 1052 2635 Ysaae
1069 2571 1112 2634 de
1126 2571 1283 2648 Dovaria,
1301 2575 1385 2635 tunc

266 2661 431 2745 temporis
447 2661 569 2725 Parme
586 2663 755 2743 potestas;
781 2660 824 2724 de
840 2659 1052 2724 Placentinis
1072 2661 1165 2744 capti
1180 2660 1278 2725 fuere
1294 2661 1385 2724 inter

266 2750 394 2814 milites
418 2753 453 2814 et
476 2749 610 2834 pedites
633 2749 670 2810 in
694 2749 790 2831 equis
810 2751 845 2812 et
864 2749 901 2811 in
916 2749 1079 2814 iumentis
1097 2751 1187 2813 circa
1201 2749 1274 2824 LX,
1294 2750 1386 2814 iuter

156 2864 247 2912 tarn.
266 2840 440 2904 scuderios
464 2842 500 2903 et
525 2837 686 2902 *rusticos
706 2838 796 2901 circa
813 2835 907 2914 000,
933 2859 1018 2920 quos
1036 2839 1073 2901 in
1089 2839 1165 2903 loco
1180 2839 1385 2903 Pontenurii

266 2930 424 2993 sedentes
448 2932 483 2992 et
505 2928 659 2992 iacentes
683 2927 894 2991 desarmatos
916 2927 1088 2992 invenere.

221 3040 247 3078 ao
372 3017 454 3080 Alia
484 3017 540 3080 die
571 3016 663 3100 apud
686 3016 936 3079 Pontenurium
962 3015 1238 3080 Mediolanenses
1268 3037 1384 3099 expec-
1405 3047 1504 3094 aaa,

265 3105 412 3182 tantes3,
441 3126 516 3169 cum
549 3105 632 3188 ipsis
658 3098 789 3168 dictos‘l
822 3105 1042 3187 insequentes
1072 3104 1165 3167 ultra
1189 3103 1384 3180 Clavenam,

266 3194 432 3258 desubtus
456 3215 477 3258 a
500 3193 659 3256 Pontana
681 3212 742 3275 per
765 3213 872 3255 unum
900 3192 1085 3255 miliarium
1110 3191 1276 3256 Cremona
1300 3192 1385 3254 mili·

266 3283 350 3345 tiam
375 3286 411 3346 et
441 3301 601 3363 magnam
631 3282 766 3364 partem
798 3279 917 3363 populi
947 3279 1172 3357 invenientes,
1204 3281 1263 3363 qui
1292 3284 1385 3345 retro

266 3391 328 3454 pro
352 3370 498 3433 aliorum
522 3369 714 3432 munitione
745 3372 991 3443 remanserant,
1023 3368 1169 3452 prelium
1201 3389 1277 3432 cum
1301 3369 1385 3452 ipsis

221 3579 247 3618 ὃὸ
266 3572 383 3627 a)mdtale
398 3578 420 3617 ir.
435 3579 450 3618 l.
465 3589 483 3616 e.
529 3575 553 3626 b)
566 3576 654 3616 mdtalls
669 3576 690 3616 lt.
705 3577 720 3618 l.
734 3587 752 3618 e.
801 3574 822 3627 c)
836 3576 926 3626 plurimi
940 3547 1095 3615 anendanduni
1108 3587 1152 3615 esse
1166 3578 1257 3620 uidetur.
1302 3575 1325 3626 d)
1339 3579 1385 3625 sor·

266 3637 323 3671 tasse
336 3632 494 3672 Cremonenses
507 3631 540 3669 vel
549 3631 620 3679 plura
633 3630 759 3679 supplenda,

267 3813 292 3879 1)
311 3811 382 3875 Ana.
395 3813 438 3865 29.
457 3809 666 3861 Mediolanenses
684 3809 790 3860 Padam
815 3810 926 3873 sinnam
951 3809 1091 3859 transiisse
1115 3807 1202 3859 Notae
1228 3807 1255 3859 S.
1277 3809 1388 3875 Georpii

266 3883 284 3936 l.
304 3883 321 3935 l.
340 3882 471 3945 referunt.
555 3881 584 3948 2)
604 3879 647 3944 Cf.
666 3896 751 3946 snpra
766 3895 795 3946 p.
809 3882 852 3944 51,
871 3895 899 3932 n.
914 3882 937 3934 1.
981 3879 1068 3930 Viatos
1092 3895 1145 3930 esse
1169 3879 1337 3931 Placentinos
1363 3885 1386 3931 et

266 3953 471 4004 Mediolanenses
497 3951 621 4014 referant
650 3951 798 4003 Tolosanns
824 3967 845 4006 e.
866 3952 926 4016 151,
959 3951 997 4004 ed.
1024 3951 1148 4003 Borsieri
1169 3966 1198 4017 p.
1218 3951 1279 4014 698,
1312 3951 1385 4005 Ann.

219 4041 247 4078 40
267 4024 395 4089 (irenen,
421 4023 531 4075 Sicardi
555 4023 638 4089 Cant,
659 4024 729 4076 Ann.
749 4022 841 4076 Parm.
861 4024 934 4086 mai,
959 4025 989 4073 in
1013 4021 1108 4088 qreibus
1131 4023 1212 4073 etiam
1237 4021 1386 4073 cremenses

265 4100 288 4146 et
313 4095 464 4146 Lancienses
490 4110 508 4145 a
528 4099 610 4160 parte
635 4093 851 4144 Placentinorum
878 4094 990 4158 affuisse
1015 4093 1149 4147 dieantur.
1195 4093 1229 4143 ln
1253 4093 1331 4144 Notis
1357 4093 1384 4145 S.

267 4165 378 4232 Georpii
396 4165 411 4218 l.
433 4166 449 4219 l.
469 4168 549 4217 etiam
575 4167 603 4217 et
627 4162 707 4215 multi
734 4179 828 4214 eorum
855 4163 929 4230 capti
950 4163 1062 4216 fuerunt
1086 4165 1117 4215 de
1144 4162 1386 4215 Mediolanensibus

265 4237 363 4287 dictam
380 4237 485 4289 videtur
502 4252 562 4291 esse.
634 4234 661 4303 3)
681 4234 743 4287 sat.
762 4235 917 4289 Placentini.
