3112 4856
253 282 306 336 110
383 277 575 334 Ionam
593 279 840 336 coenosam
857 280 1040 336 naseam
1058 282 1095 338 Δ.
1109 285 1187 338 1231.
1207 285 1286 338 lasa.

154 469 232 523 1231.
252 464 411 548 dirigere,
428 463 669 528 celsitudinem
686 467 723 528 et
734 464 974 529 excellentiam
990 486 1089 528 suam
1104 469 1141 530 et
1155 466 1374 550 maiestatem

252 553 378 616 humili
400 573 483 618 voce
507 557 543 617 et
573 555 814 617 attentissimis
843 554 1003 638 precibus
1033 558 1224 633 exorantes,
1258 556 1373 638 ipsum

250 643 356 706 etiam
387 643 583 706 omnimode
609 643 825 720 inducentes,
860 647 901 706 ut
930 644 979 708 sic
1010 649 1133 726 agere*
1167 649 1204 708 et
1233 664 1374 727 operam

250 732 429 796 efficacem
452 734 640 814 prestare,
671 751 716 795 ne
745 733 934 816 imperator
963 733 1007 796 ad
1031 732 1228 797 Lonbardie
1256 736 1374 816 partes

249 821 360 904 possit
382 841 446 884 neo
470 820 597 884 debeat
627 842 704 884 cum
729 821 883 886 exercitu
906 822 1082 886 accedere.
1129 822 1373 904 Significantes
1397 843 1412 882 a

250 910 292 985 ei,
325 910 355 972 si
385 909 451 973 hoc
473 909 589 973 facere
612 913 836 992 presumeret,
866 910 960 993 quod
990 911 1212 974 incomodum
1241 911 1374 994 pariter

249 1001 286 1061 et
309 997 557 1062 detrimentum
580 998 734 1064 Romane
765 1003 881 1083 posset
910 1000 992 1062 inde
1022 1001 1186 1082 consequi
1216 999 1370 1076 ecclesie,

250 1079 326 1169 [sil]
351 1107 430 1151 cum
454 1088 608 1152 exercitu
631 1108 694 1151 suo
723 1089 768 1151 ad
792 1089 973 1169 ‚civitatem
997 1088 1137 1152 Ravene
1159 1088 1369 1152 accessisset.

271 1281 551 1365 Colloquium
574 1283 859 1366 imperatoris
882 1284 926 1346 in
949 1284 1139 1348 civitate
1161 1284 1343 1348 Ravene.

355 1407 486 1470 Eodem
509 1412 666 1492 tempore
689 1413 726 1472 et
740 1408 778 1471 in
793 1410 915 1473 eadem
929 1409 1168 1473 incarnatione
1184 1409 1371 1473 lledericus
1392 1431 1418 1468 lo

247 1495 481 1559 Romanorum
515 1498 705 1580 imperator
738 1497 864 1561 statuit
898 1498 1109 1580 colloquium
1144 1499 1370 1580 archiepisco·

248 1604 386 1667 porum,
427 1587 681 1670 episcoporum,
721 1586 903 1662 abbatum,
943 1587 1152 1670 principum,
1192 1588 1368 1664 comitum,

247 1675 495 1751 marchionum,
528 1675 695 1738 baronum
727 1679 763 1739 et
792 1675 939 1739 aliorum
963 1676 1115 1739 virorum
1138 1675 1308 1739 nobilium
1332 1677 1370 1739 in

142 1782 228 1825 rom.
248 1763 390 1827 civitate
405 1763 545 1828 Ravene
560 1765 598 1827 in
613 1765 705 1828 festo
725 1765 879 1827 omnium
903 1768 1111 1828 sanctorum.
1148 1763 1236 1828 (ium
1252 1768 1370 1828 autem

247 1852 340 1914 idem
372 1852 560 1934 imperator
588 1853 798 1936 percepisset
832 1853 965 1916 dictum
993 1853 1203 1936 colloquium
1232 1855 1369 1938 integre
1390 1874 1417 1912 15

247 1940 422 2004 celebrare
451 1942 593 2006 minime
622 1961 721 2024 posse
744 1945 885 2025 propter
906 1942 1047 2005 illorum
1074 1943 1277 2018 absentiam,
1309 1944 1369 2025 qui

246 2029 314 2111 ipsi
337 2029 510 2111 colloquio
533 2031 695 2094 accedere
718 2030 903 2109 debebant,
928 2033 1181 2095 communicato
1204 2032 1369 2096 conscilio

246 2119 445 2201 prorogarit
469 2119 679 2202 colloquium
702 2139 811 2202 usque
835 2121 880 2182 ad
902 2121 1056 2184 medium
1079 2120 1255 2184 Martium.
1291 2119 1368 2200 Quo

246 2207 342 2271 facto
364 2207 457 2270 idem
480 2208 669 2291 imperator
698 2209 796 2272 dedit
825 2209 861 2270 iu
893 2209 1066 2272 mandatis
1090 2209 1366 2293 archiepiscopis,

127 2296 425 2381 ¹·f.1oae.epiecopis,
452 2297 645 2373 comitibus,
670 2297 868 2373 baronibus,
892 2298 1107 2382 principibus
1132 2298 1183 2362 *et
1205 2299 1287 2361 viris
1310 2320 1369 2363 no·
1387 2321 1415 2359 20

246 2383 384 2463 bilibus,
415 2387 457 2448 ut
479 2387 525 2449 ad
547 2386 743 2470 predictum
764 2387 953 2450 terminum
976 2387 1021 2450 ad
1043 2386 1132 2450 illud
1156 2386 1369 2470 colloquium

247 2474 409 2538 accedere
434 2475 610 2539 deberent.
656 2476 700 2538 In
732 2476 807 2560 ipsa
836 2496 917 2540 vero
948 2476 1090 2540 civitate
1121 2497 1251 2540 moram
1281 2477 1369 2541 fecit

246 2583 308 2645 per
329 2567 441 2627 totam
463 2585 606 2648 yemem.

247 2737 525 2824 Colloquium
560 2746 780 2806 rectorum
810 2742 1058 2807 Lonbardie
1093 2746 1135 2807 et
1168 2744 1369 2807 cardina·

503 2830 606 2893 lium
630 2831 674 2894 in
697 2832 885 2895 civitate
909 2831 1115 2896 Bononia.
1388 2853 1414 2892 25

148 2934 226 2987 1232.

162 3004 226 3043 Mn
353 2953 472 3017 Mense
506 2973 586 3017 vero
621 2956 776 3037 proximo
811 2956 991 3020 Februarii
1025 2956 1210 3020 cardinalis
1248 2960 1368 3021 sancte

246 3040 408 3105 ecclesiec
429 3042 578 3106 lacobus
593 3039 822 3107 Penestinusd
848 3046 1029 3128 episcopus
1052 3045 1207 3110 electusl
1230 3050 1265 3110 et
1282 3045 1368 3110 Otto

246 3130 342 3193 tituli
378 3130 497 3194 Sancti
530 3130 693 3196 Nicholai
735 3133 772 3195 iu
809 3133 953 3198 Carcere
987 3133 1134 3198 Tuliano
1170 3135 1366 3211 cardinalis,

245 3219 370 3282 summi
400 3221 573 3303 pontificis
603 3221 720 3304 legati,
752 3242 856 3306 super
885 3223 1069 3286 concordia
1097 3223 1303 3306 inquirenda
1331 3227 1367 3288 et

245 3310 472 3393 conponenda
500 3310 594 3374 inter
623 3311 827 3375 Pedericum
854 3311 1088 3375 Romanorum
1122 3313 1367 3396 imperatorem
1386 3335 1412 3373 eo

245 3400 280 3462 et
310 3399 511 3462 Loubardos
542 3387 734 3465 Bonbniam
768 3389 997 3464 accesserunt.
1045 3400 1113 3478 oui
1147 3422 1224 3464 cum
1258 3406 1367 3466 recto-

126 3511 226 3554 nam.
243 3487 339 3550 ribus
363 3489 539 3552 societatis
562 3488 758 3554 Lonbardie
781 3490 818 3550 in
841 3488 922 3552 Kal.
946 3489 1066 3552 Martii
1090 3490 1301 3573 colloquium
1329 3491 1367 3554 in

244 3575 320 3658 ipsa
343 3561 543 3640 statuerunt
566 3558 717 3655 civitdte,
743 3578 865 3642 dantes
888 3579 927 3640 in
950 3579 1123 3642 mandatis
1146 3601 1208 3664 per
1223 3581 1365 3644 nuntios

244 3683 323 3727 suos
357 3666 549 3729 rectoribus
585 3667 854 3750 uniuscuiusque
889 3667 1041 3732 civitatis
1072 3658 1248 3733 societatis
1278 3668 1366 3733 Lon-

244 3740 374 3830 bdrdie,
397 3754 498 3816 utin
522 3755 643 3819 eodem
665 3755 815 3820 termino
839 3756 883 3820 ad
905 3756 996 3820 illud
1019 3777 1098 3820 cum
1113 3757 1196 3822 viris
1219 3758 1366 3842 pruden-
1385 3781 1412 3820 a

243 3942 266 3992 a)
279 3944 310 3982 sic
324 3955 340 3986 c.
395 3944 418 3992 b)
431 3944 451 3982 si
464 3945 536 3994 suppl.
551 3945 632 3988 H.-Br.
686 3945 708 3996 o)
727 3943 789 3990 card.
802 3947 888 3986 scicilie
902 3951 915 4000 ζ
930 3947 972 3999 (ct)
985 3958 1018 3993 c.,·
1038 3945 1164 3987 cardinales
1179 3951 1255 3988 sancte
1270 3949 1365 3988 ecclesie

243 3997 341 4044 H.-Br.,·
358 3996 484 4037 cardinales
498 3998 585 4038 scilicet
598 3999 674 4048 Perta,-
692 4000 786 4040 Interim
806 3998 851 4040 duo
870 3998 994 4040 cardinales
1012 4002 1097 4041 scilieet
1115 4002 1161 4044 Iac.
1175 4002 1238 4042 Galo.
1251 4002 1364 4050 F'lamma,

243 4051 328 4100 Manip.
341 4062 359 4090 c.
370 4052 421 4102 2643
440 4062 488 4089 cum
502 4053 524 4090 in
538 4052 602 4090 libr-ia
615 4053 676 4091 illius
689 4055 791 4102 tempato
804 4065 911 4104 nuaquam
924 4055 972 4101 fers
984 4055 1072 4095 scilieet
1081 4055 1154 4104 plera
1168 4055 1246 4094 litteris
1259 4056 1365 4106 scriptum

242 4105 278 4155 eit,
288 4105 395 4153 praefero
409 4105 552 4144 coniecturam
567 4105 595 4144 ot
609 4106 689 4148 la-Br.
699 4109 847 4156 propositam.
903 4107 925 4156 d)
938 4108 970 4146 alc
984 4119 1002 4151 c.

194 4299 208 4342 ¹.
224 4266 271 4332 21)
292 4265 464 4318 Placentinus
481 4282 494 4318 e
511 4272 586 4332 pente
603 4267 634 4318 dc
651 4267 794 4326 Poeororo,
813 4267 940 4327 Pollaetr,
1029 4321 1032 4326 ,
1382 4290 1412 4328 40
