3112 4856
385 292 577 350 IOHANNIS
596 292 843 348 OODAGNELLI
862 291 1044 347 ANNALES
1061 293 1097 348 A.
1113 295 1190 348 1226.

465 483 483 540 6
508 478 577 542 Sed
600 476 776 540 Lonbardi
799 480 881 540 sunt
904 477 1013 538 astuti

505 567 551 630 Et
574 567 610 629 in
634 567 737 629 factis
761 565 863 629 valde
886 565 957 627 tuti
967 564 988 641 1,

505 655 620 734 Quare
644 655 714 719 cito
738 655 996 738 perpenderunt

505 745 643 822 Dolum,
669 765 770 827 quem
795 743 1080 807 machinaverunt

545 833 792 898 Cremonenses
815 831 948 916 perfidi.

462 981 479 1039 7
507 975 620 1055 Quare
643 975 930 1052 Mediolanenses,

505 1064 659 1144 Quorum
683 1065 773 1148 pigri
796 1085 867 1128 non
889 1066 971 1127 sunt
996 1083 1103 1141 cnseo,

505 1154 701 1238 separatisa
728 1153 959 1230 Parmexanis,

504 1243 594 1306 Sunt
618 1243 775 1306 adiuncti
797 1233 1059 1306 Marchexanisb

544 1331 672 1396 Sociali
693 1332 822 1396 federe.

463 1480 482 1537 8
508 1475 591 1537 Istis
616 1474 705 1537 addo
729 1472 950 1537 Placentinos

504 1562 615 1627 Simul
639 1565 743 1646 atque
768 1563 955 1626 Faentinos

504 1652 550 1715 nt
573 1652 733 1716 addendo
757 1651 952 1715 Brixienses

504 1741 585 1805 Non
608 1740 790 1806 excludam
814 1739 1058 1816 Bononienses,

545 1829 633 1894 Oum
656 1830 727 1893 sint
750 1829 991 1914 potentissimi.

462 1979 480 2037 9
505 1973 637 2036 Multas
660 1993 795 2057 possem
818 1990 1018 2054 nuncupare

505 2061 682 2138 Civitates,
708 2064 898 2144 conputare

504 2151 603 2214 Inter
626 2151 703 2214 loca
725 2151 795 2213 iam
818 2149 984 2232 predicta,

504 2238 581 2303 Nisi
604 2239 685 2322 quia
708 2238 813 2320 longa
836 2238 930 2301 dicta

545 2326 723 2392 Generant
745 2326 937 2390 fastidium.

444 2473 483 2531 10
509 2469 604 2553 *Ipse
627 2470 723 2533 venit
747 2489 825 2532 cum
848 2469 1000 2545 furore0,

508 2559 576 2623 Sed
600 2557 742 2623 recessit
766 2578 844 2621 cum
868 2557 996 2621 dolore.

505 2648 669 2730 Magnam
692 2646 778 2709 tulit
801 2646 1011 2710 dictionem2

506 2737 652 2819 Propter
675 2729 954 2820 persuasionem‘1

545 2825 847 2890 Cremonensium
878 2824 1024 2889 fatuam.

445 2974 482 3030 11
510 2967 592 3033 *Hic
616 2968 793 3052 proiectus
817 2971 870 3032 est
892 2968 1078 3047 Ravenam,

506 3056 581 3136 Que
605 3058 775 3122 fetentem
799 3057 905 3121 habet
929 3078 1062 3122 venam.

506 3147 562 3210 Ibi
585 3166 688 3230 pasca
712 3145 900 3210 celebravit

506 3237 621 3317 Atque
645 3239 766 3317 gentes
791 3234 1023 3316 congregavit,

552 3323 651 3388 Sicut
673 3323 746 3406 ipse
770 3323 895 3406 potuit.

446 3470 484 3526 12
510 3465 587 3529 Hoc
611 3457 811 3549 peractumf
838 3464 908 3527 fuit
932 3484 1019 3541 vere,

505 3555 551 3618 In
573 3553 687 3637 Aprili
711 3557 746 3616 et
769 3553 806 3616 in
828 3574 917 3628 vere,

507 3643 600 3706 Dum
624 3643 809 3707 currebant
833 3643 915 3706 anni
939 3640 1043 3718 mille,

510 3732 587 3796 Nisi
610 3732 656 3796 sit
679 3733 846 3814 deceptus
869 3731 929 3794 ille

181 3844 208 3885 as
548 3820 617 3900 Qui
640 3821 786 3885 dictavit
808 3821 999 3884 ritimums.

226 3979 248 4026 a)
268 3979 348 4020 anecd.
363 3978 455 4026 Iit-Ba,-
474 3977 500 4028 Β)
513 3976 598 4027 paratis
613 3988 630 4018 c,
698 3977 721 4025 b)
741 3976 895 4017 marchexanls
909 3988 926 4016 c.
994 3974 1015 4026 c)
1036 3977 1109 4016 sorore
1123 3988 1140 4020 c,
1208 3975 1231 4025 d)
1252 3977 1348 4026 Caduca.

225 4033 344 4071 enuntiavit
358 4031 551 4080 parsu-saionem.
592 4031 614 4082 e)
628 4029 787 4070 Cremonenses
802 4041 832 4079 ε.)
846 4031 934 4070 enuntia
948 4029 1143 4080 Cremonensjum;
1157 4031 1186 4078 cf,
1199 4035 1239 4080 scr,
1250 4032 1284 4080 29,
1300 4044 1318 4074 v.
1327 4035 1347 4075 4.

226 4085 244 4138 f)
265 4085 454 4131 emens,11.·1³r.,·
472 4089 556 4124 tactum
570 4095 600 4132 ε.)
617 4085 692 4124 Hocce
705 4089 779 4124 actum
794 4085 863 4126 Pertz.
934 4081 957 4134 g)
978 4085 1008 4122 sto
1018 4096 1063 4132 pro
1077 4085 1214 4134 rhythmum,
1235 4089 1257 4122 ut
1271 4090 1348 4134 septem

225 4139 317 4188 syllabis
330 4149 404 4178 versus
417 4138 558 4188 conpleatur.
577 4138 657 4181 H.-Br;

181 4295 208 4334 ro
229 4281 255 4350 1)
276 4281 318 4344 Cf.
340 4281 384 4333 ‘N.
398 4280 604 4345 Archiv'XVI,
618 4283 723 4349 pnes.
795 4282 824 4348 2)
846 4283 864 4335 i.
883 4297 904 4336 e.
923 4283 1110 4348 magniloquus
1126 4281 1190 4345 facit.
1221 4281 1308 4335 Pertz.
