3118 4840
573 1272 827 1356 Paeane
836 1272 950 1358 TIO.

309 1485 487 1551 Iohannem
510 1486 734 1573 Codapndlnm
752 1497 910 1556 auctorem
931 1487 1032 1570 fnisse
1047 1486 1228 1553 Annalium
1243 1486 1321 1552 Pla·

202 1573 399 1640 centinocnm
426 1575 613 1657 Gnelfornm
635 1580 792 1662 hncnsqne
820 1579 858 1643 in
880 1577 995 1661 patna
1024 1582 1134 1642 nostro
1163 1575 1319 1640 dictoram

202 1663 234 1726 Ι.
251 1663 291 1726 L.
308 1662 350 1727 A.
367 1663 722 1750 Hnillard-Bre'hollec,
746 1667 802 1751 qni
818 1667 948 1750 primns
963 1687 1014 1732 eos
1029 1663 1135 1746 edidit,
1156 1663 1288 1729 coniecit
1295 1664 1317 1746 1,

202 1752 277 1817 hene
299 1757 391 1816 ratas
409 1757 505 1818 totam
523 1756 729 1822 collectionem
752 1755 937 1822 historicam
958 1754 1035 1821 lton
1053 1751 1202 1818 Parnon
1223 1752 1319 1832 infra

202 1839 329 1906 dicendi
352 1842 392 1906 ah
414 1841 470 1906 illo
492 1865 557 1910 ecoe
580 1846 799 1928 conpositam·
828 1847 912 1926 qnod
932 1850 968 1909 nt
989 1841 1101 1908 solidis
1122 1840 1318 1924 arpnmentie

202 1931 424 2012 comprobaret,
447 1932 569 1998 ctndnit
581 1934 623 1998 B.
641 1955 740 2001 comcs
755 1931 953 1999 Pallastrelli
962 1935 983 2014 ²,
1006 1931 1059 1996 cir
1073 1953 1157 1996 sana
1172 1929 1318 1995 aocntna

202 2017 283 2082 satie
315 2017 498 2103 incoactos,
531 2023 587 2103 ani
621 2023 752 2088 editioni
785 2022 850 2088 oiri
879 2020 1051 2087 doctissimi
1077 2017 1318 2101 Francopallici

201 2126 331 2172 necnsae
364 2129 477 2174 nomen
511 2111 671 2177 Iohannis
710 2110 894 2194 Codapnelli
927 2108 1067 2175 anctoris
1101 2107 1214 2189 optimo
1247 2106 1318 2172 inre

195 2196 362 2276 praefinit.
394 2195 440 2260 Al
456 2200 608 2264 andacten
625 2200 681 2266 hoc
699 2200 826 2283 nepaoit
841 2195 1183 2281 GeorpincHeinnicns
1192 2195 1315 2276 Plan,

203 2304 273 2348 cnm
296 2284 407 2349 lentim
424 2286 481 2350 hoc
503 2289 639 2353 annales
662 2291 772 2370 ederet,
796 2289 885 2354 nnlla
901 2308 984 2351 cana
998 2284 1124 2350 natione
1138 2283 1238 2363 niens,
1262 2285 1319 2348 sed

202 2373 345 2454 deceptas
372 2374 467 2456 proni
495 2396 611 2458 errore,
642 2398 710 2444 cnm
740 2377 857 2442 libram
886 2375 965 2441 cinis
994 2371 1250 2440 Mediolanemis
1278 2373 1316 2437 de

200 2462 294 2526 nehns
309 2462 475 2528 Friderici
490 2465 521 2528 Ι.
544 2463 748 2547 imperatoris
770 2464 807 2531 in
822 2463 1020 2530 Lomhardia
1040 2461 1137 2545 pestis
1158 2460 1195 2525 in
1213 2461 1316 2527 collec-

201 2550 287 2615 tione
315 2550 477 2617 Iohannis
504 2551 689 2637 Codapnelli
721 2556 803 2620 male
838 2559 1042 2619 retractatam
1075 2557 1105 2616 et
1137 2549 1317 2616 coimnentic

201 2639 318 2721 caplis
336 2647 463 2705 anclnm
480 2663 628 2708 essenon
645 2643 886 2726 perspexissem,
910 2643 967 2707 ced
986 2640 1054 2712 eins
1078 2645 1194 2711 tentam
1208 2659 1317 2703 omnm

201 2749 240 2793 ac
256 2728 471 2811 principalem
492 2738 661 2812 reputaret.
706 2733 772 2799 Sed
791 2731 901 2797 omnia
922 2751 1004 2812 anae
1026 2730 1121 2795 codea
1143 2726 1317 2792 Parisinus

202 2817 359 2882 continet⁵
381 2820 421 2883 ah
445 2820 592 2886 Iohanne
619 2820 808 2905 Codapnello
836 2842 901 2886 ecoe
923 2820 1057 2895 collecta,
1087 2816 1152 2881 ctae
1174 2815 1313 2897 aliunde,

201 2911 237 2969 nt
258 2927 296 2970 en
311 2906 410 2971 Panli
428 2907 558 2974 diaconi
573 2910 725 2976 Historia
744 2911 895 2976 Romana
916 2915 1009 2990 atam
1024 2905 1175 2971 Historia
1189 2904 1315 2986 Lanpo

201 2995 375 3059 hardornm
397 3002 426 3060 et
442 2997 567 3063 Isidori
581 2998 800 3083 Etpmolopiis,
824 3003 969 3080 encerpta
990 2998 1038 3061 oel
1060 2993 1227 3076 descripta,
1250 2993 1316 3059 siae

200 3084 242 3148 ah
256 3083 325 3164 ipso
341 3085 518 3167 coraposito,
543 3106 623 3168 qnae
639 3088 815 3153 monam
825 3093 953 3170 partem
969 3084 1046 3152 lihcl
1065 3088 1225 3165 oconpant,
1248 3081 1317 3146 iam

201 3173 415 3238 demonstravi
448 3181 541 3257 atqne
574 3175 653 3242 coici
687 3174 742 3241 ‘N.
765 3175 897 3242 Archic’
923 3175 1024 3256 XVI,
1052 3196 1089 3256 p.
1114 3177 1314 3238 253-346.

202 3365 229 3432 1)
250 3363 398 3418 Clcronioon
409 3366 594 3419 Placentinum
605 3373 628 3420 et
641 3367 790 3420 chronicon
802 3367 834 3419 dc
847 3367 927 3420 relnm
943 3369 974 3419 in
991 3367 1076 3419 Italia
1092 3366 1172 3432 peetie
1184 3364 1316 3430 (Parisiis

202 3437 285 3501 1856)
298 3453 329 3504 p,
343 3437 468 3492 V-VII.
539 3437 567 3506 2)
585 3439 758 3490 Monumenta
776 3439 905 3491 hicterico
922 3439 959 3490 ad
971 3438 1127 3506 provinciae
1144 3435 1315 3488 Parmmecm

201 3513 225 3558 et
242 3506 426 3560 Pmeennnam
440 3510 604 3576 pertinentia
621 3509 678 3576 III,
698 3512 723 3565 5.
742 3511 767 3574 6,
788 3510 922 3562 Chronioa
940 3511 997 3562 tria
1015 3509 1168 3560 Placentina
1185 3506 1316 3574 (Parmae

202 3579 285 3638 1859)
298 3595 329 3646 p.
343 3578 490 3634 VII-XI.
597 3580 626 3648 3)
651 3581 699 3634 SS,
718 3580 830 3647 XVIII,
851 3598 882 3647 p.
894 3584 955 3636 404,
975 3596 1000 3634 α.
1013 3580 1091 3635 1863.
1129 3579 1183 3644 Qni
1205 3593 1264 3630 aem
1285 3580 1315 3630 in

202 3649 426 3716 ‘Alhandlnnpen
449 3650 498 3703 der
516 3651 625 3718 Kdnipl
644 3651 733 3706 Alcad.
751 3651 777 3706 d.
797 3652 874 3705 Wiee.
899 3667 934 3702 nn
959 3650 1066 3703 Berlin’
1084 3651 1162 3706 1853.
1176 3651 1313 3716 paee-

200 3722 262 3775 515,
288 3721 320 3772 de
343 3721 387 3772 hie
411 3726 435 3773 et
452 3721 604 3774 Innataue
628 3722 791 3775 Placentinis
817 3722 956 3774 Gihellinic
979 3721 1118 3774 camera
1142 3751 1175 3760 -
1201 3725 1231 3772 nt
1255 3735 1315 3772 oum

130 3801 132 3805 ’
200 3792 314 3844 Sicardo
332 3793 428 3859 loquar
445 3823 489 3859 -,
514 3794 558 3845 nil
578 3794 618 3844 oel
630 3809 735 3859 param
751 3793 817 3846 utile
833 3795 863 3844 in
880 3793 979 3844 horrea
996 3793 1149 3860 repmtccit.
1218 3791 1248 3860 4)
1265 3791 1313 3846 SS.

200 3862 313 3928 XVIII,
329 3880 357 3930 p.
371 3865 432 3918 349.
474 3864 527 3916 Udi
548 3869 643 3916 contra
660 3862 955 3919 fluitare-Brittones
978 3866 1100 3932 exposuit
1125 3862 1225 3914 libonem
1249 3863 1313 3914 eicio

200 3933 409 3986 Matiolzmnm'e
432 3949 486 3986 non
510 3951 528 3986 a
548 3935 707 4002 Oodapnello
731 3936 901 4003 compositam
924 3951 1027 3988 ecee-
1053 3935 1123 4001 qnod
1139 3935 1183 3986 air
1200 3933 1243 3985 ille
1260 3947 1313 3984 non

201 4006 368 4057 contenderat
386 4035 419 4044 —
438 4007 546 4073 taloque
562 4008 619 4057 iam
635 4006 707 4058 male
724 4005 777 4058 eibi
789 4022 950 4074 perenaeum
974 4005 1084 4058 habehat
1102 4005 1200 4058 limnas
1217 4004 1266 4070 qni
1282 4004 1313 4054 in

201 4077 284 4128 codice
301 4076 431 4128 Parisino
444 4082 507 4144 poet
526 4077 623 4128 libram
641 4077 862 4130 Mediolanensem
880 4082 1027 4144 coquuntur
1044 4093 1062 4128 a
1081 4076 1240 4142 Oodopncllo
1258 4089 1313 4126 non

201 4149 360 4214 coniceriptoo
383 4163 443 4202 esee.
533 4147 562 4215 5)
581 4147 692 4200 Praeter
709 4164 799 4201 ceretae
819 4148 987 4217 propheticae
1007 4153 1100 4214 pocta
1124 4147 1273 4215 admriptoe
1289 4151 1314 4198 et

202 4218 343 4270 Gronioam
358 4219 618 4286 archiepi'ecopmmm
633 4219 808 4271 Iannmeinm
823 4219 913 4272 Iacchi
928 4220 960 4271 de
977 4219 1113 4284 Varapine
1130 4219 1219 4286 (quem
1234 4217 1317 4269 malti

202 4288 234 4340 de
249 4289 383 4355 Varapine
398 4289 469 4354 falec
486 4292 592 4351 cocant)
603 4295 697 4357 poetca
714 4290 776 4342 hnic
792 4291 877 4344 codici
890 4290 1065 4343 satiandam.
