3118 4840
218 264 251 316 16
377 260 566 315 IOHANNIS
586 261 833 315 OODAGNELLI
851 261 1031 316 ANNALES
1050 263 1085 318 A.
1100 265 1178 320 1188.

121 445 344 512 11188.iutorio
367 444 462 507 illius
486 445 605 522 castri3
630 448 665 508 et
687 446 725 508 in
747 445 808 509 illo
827 449 1003 528 tempore²
1023 445 1126 511 Ozole
1141 445 1333 510 levabatur.

217 534 264 597 Et
293 537 377 596 tunc
407 534 475 596 fuit
507 534 674 598 maximus
704 556 821 598 rumor
853 538 888 598 et
912 535 1009 598 dolor
1039 556 1100 619 per
1121 539 1232 598 totam
1257 535 1334 598 civi·

218 625 337 696 tatem,
355 625 444 687 etex
460 623 521 686 illo
535 644 671 687 rumore
684 628 719 687 et
735 624 853 687 dolore
866 623 1060 687 Placentini
1077 625 1239 688 commoti
1255 644 1333 706 qua·

93 733 156 772 rar.
168 734 199 775 1o.
218 712 297 775 dam
322 712 377 775 die
393 712 555 776 Mercurii
579 705 744 795 proximib
773 733 898 794 magna
921 734 999 796 pars
1023 734 1141 777 eorum
1160 733 1196 776 se
1212 714 1334 776 coadu-

217 804 389 864 naverunt
412 802 504 884 apud
528 801 707 864 ecclesiam
731 805 848 865 sancte
867 803 976 866 Mario
996 803 1038 866 de
1054 801 1206 885 Templo,
1231 806 1266 866 et
1284 801 1334 865 ibi
1355 823 1369 861 s

218 889 329 952 multa
352 895 566 953 sacramenta
595 892 637 954 de
670 894 841 974 potestate
866 891 1025 956 habende
1047 892 1206 955 fecerunt
1230 893 1333 973 atque

219 978 447 1042 Albertonum
478 980 520 1042 de
543 979 684 1052 Audito,
708 979 909 1044 Albizonern
938 983 973 1044 et
996 980 1274 1044 Mazaburrinum
1297 980 1334 1041 in

217 1070 367 1131 rectores
392 1071 621 1151 sumpserunt.
668 1069 747 1131 Alio
777 1069 833 1133 die
864 1071 1021 1151 sequenti
1045 1069 1192 1153 predicti
1215 1068 1332 1131 Alber·

217 1160 320 1220 tonus
345 1159 380 1219 et
403 1157 487 1219 socii
510 1157 705 1221 contionem
728 1158 896 1233 iecerunt,
928 1161 963 1221 et
993 1159 1149 1222 homines
1179 1156 1228 1220 ibi
1258 1178 1333 1220 con·

219 1245 307 1307 scilii
341 1245 518 1309 Placentia
558 1248 593 1309 et
631 1246 788 1310 consules
826 1247 1014 1310 offitiorum
1055 1251 1090 1310 et
1129 1247 1333 1310 societatum
1353 1267 1378 1305 10

218 1334 331 1397 iurare
349 1334 518 1410 fecerunt,
544 1339 579 1398 et
603 1336 741 1398 duravit
763 1335 826 1398 illa
849 1337 964 1399 contio
984 1336 1127 1399 cottidie
1143 1355 1203 1418 per
1219 1339 1332 1397 totum

219 1423 320 1486 diem.
367 1422 443 1486 Hoc
470 1423 522 1486 ita
550 1424 645 1487 facto
676 1428 712 1488 et
741 1425 901 1488 ordinato
924 1425 1099 1509 predictus
1122 1423 1333 1488 Albertonus

113 1531 145 1574 ⁸.
181 1538 200 1575 ι.
219 1515 255 1575 ct
284 1511 453 1574 sociorum
477 1533 616 1575 suorum
638 1513 819 1577 voluntate
843 1513 893 1578 *et
923 1514 1076 1577 omnium
1100 1514 1332 1596 predictorum

217 1600 346 1664 ibidem
363 1600 539 1664 dominum
556 1601 722 1666 Iacobum
737 1602 943 1666 Mainerium
967 1603 1002 1665 in
1028 1605 1200 1685 potestate
1216 1601 1332 1684 elegIt.

262 1725 457 1789 Laudemus
474 1724 660 1801 Christum,
707 1727 874 1789 mundum
897 1727 957 1809 qui
980 1727 1135 1790 condidit
1158 1726 1273 1806 Istum,
1353 1747 1378 1786 a

263 1811 332 1890 Qui
354 1814 443 1896 regit
466 1814 663 1878 instabilem
711 1815 834 1878 divinis
858 1815 992 1899 legibus
1016 1816 1143 1891 orbem,

263 1900 332 1979 Qui
355 1923 479 1985 pronos
503 1903 643 1978 donat0,
689 1903 839 1966 famulos
864 1908 1066 1987 sanctosque
1091 1907 1241 1982 coronat,

264 1989 398 2072 Quique
421 1991 633 2055 Placentinis
680 1992 802 2055 animis
826 1997 861 2056 et
885 2014 1026 2077 corpore
1050 1993 1150 2057 claris

234 2079 409 2144 sVincere
433 2080 583 2156 donavit,
630 2081 831 2145 Parmenses
854 2083 1006 2164 undique
1030 2083 1162 2146 stravit.

263 2168 328 2232 Mc
353 2163 558 2232 currebant‘l
584 2170 688 2233 simul
709 2174 787 2233 octo
810 2171 866 2234 vel
889 2171 1099 2254 octuaginta,

264 2257 489 2322 Undecimam
513 2258 625 2322 Iulius
671 2259 782 2323 lucem
807 2260 1004 2324 celebrabat
1028 2260 1171 2342 opimus,

263 2346 393 2411 Indicti
416 2351 531 2411 sextus
576 2347 692 2411 iuerat
714 2352 798 2412 tunc
821 2349 984 2433 temporis
1009 2369 1129 2425 annua,

265 2434 409 2513 Quando
432 2437 643 2511 Parmenses
690 2458 774 2519 quos
797 2459 985 2520 numquam
1009 2439 1108 2501 crede
1132 2440 1300 2522 potentes,

220 2544 245 2583 1⁰
265 2523 411 2588 Collecti
434 2525 526 2589 bello
571 2529 740 2590 venerunt
764 2547 841 2589 cum
864 2526 1038 2590 Mumello

264 2613 422 2677 Vallibus
445 2614 481 2676 in
505 2614 611 2678 Tare⁰
662 2614 869 2691 subvertere,
895 2615 1082 2679 dilacerare

263 2703 387 2766 Turres
411 2705 572 2777 muratas,
619 2703 698 2767 edes
722 2703 942 2786 castellaque,
966 2704 1075 2767 villas.

264 2790 391 2854 Verum
414 2794 598 2874 protector,
645 2795 838 2854 nostrorum
862 2793 1008 2856 maxime
1030 2796 1152 2868 rector,

265 2879 375 2943 Corde
399 2879 619 2943 Placentinos
666 2883 786 2955 armat,
811 2881 889 2962 quia
915 2880 1031 2964 diligit
1053 2882 1154 2964 ipsos,

219 2988 245 3026 n
263 2968 378 3049 Atque
401 2969 490 3031 vires
513 2968 643 3052 prebet,
691 2969 892 3033 Parmenses
915 2974 955 3032 ut
979 2971 1048 3033 cito
1072 2973 1177 3034 sedet.

263 3057 307 3119 In
332 3056 459 3120 bellum
485 3058 589 3129 ducit,
636 3059 782 3120 victores
806 3059 887 3122 inde
910 3060 1054 3123 reducit.

263 3145 393 3210 Taliter
416 3147 549 3221 armati,
595 3146 674 3209 telis
698 3147 887 3230 animisque
911 3149 1033 3230 parati,

263 3235 391 3298 Hostes
418 3228 636 3318 infringuntf
685 3256 725 3299 ac
747 3237 840 3319 ipsos
863 3237 1015 3319 undique
1039 3238 1219 3320 cinguntss.

265 3324 312 3386 Ut
334 3325 443 3388 fortes
466 3328 632 3407 pugnant,
679 3325 835 3389 inimicos
859 3326 1011 3408 undique
1035 3327 1181 3400 sulcant,

219 3433 245 3470 so
263 3412 309 3475 Et
333 3415 475 3497 capiunt
498 3416 623 3489 tantos,
670 3416 762 3495 quod
785 3416 899 3478 nescio
924 3417 1037 3479 dicere
1060 3419 1216 3498 quantos.
1376 3477 1379 3483 .

264 3500 376 3565 *Inter
400 3504 593 3566 confractas
640 3504 746 3566 acties
770 3508 839 3580 tua,
866 3504 998 3578 Parma,
1023 3505 1198 3588 potestas1
1352 3521 1378 3560 ³⁶

262 3591 457 3666 Prenditur,
482 3584 685 3665 adteritur-¹¹,
734 3593 915 3656 deducitur
939 3614 978 3656 ac
1001 3594 1180 3669 retinetur,
1353 3579 1386 3627 '²⁹‘
1396 3579 1444 3620 41⁷·

218 3769 242 3824 a)
256 3776 353 3810 castrum
367 3773 410 3819 (val
424 3773 502 3822 turris)
515 3773 655 3822 supplendum
670 3784 713 3812 esse
726 3775 817 3816 videtur.
873 3775 896 3822 b)
909 3775 1011 3822 proxima
1025 3775 1142 3823 leuandum.
1197 3773 1218 3824 c)
1238 3771 1292 3814 doit
1305 3786 1332 3824 a,

218 3826 276 3874 quod
295 3826 358 3863 Perta
377 3827 450 3865 domat
471 3826 527 3874 lenit.
557 3827 596 3865 Sal
615 3838 662 3864 cum
683 3828 730 3865 noct·
750 3838 868 3875 pronorum
889 3829 921 3866 m's
935 3828 1015 3866 Italica
1032 3832 1122 3877 (prono)
1140 3829 1207 3867 laesas
1225 3829 1332 3877 videnlur,

218 3879 288 3917 malui
301 3879 357 3928 quoa
371 3879 450 3921 Η,-Βν,
464 3880 557 3928 scripsit.
612 3878 635 3919 dl
650 3881 772 3929 emendavl5
787 3881 941 3920 accurrebant
950 3893 977 3932 c.;
993 3881 1050 3920 Ecce
1065 3882 1185 3921 currebant
1199 3882 1332 3929 Bahman,-

218 3932 254 3970 En
268 3933 416 3972 occurrebant
429 3933 504 3971 II.·Br
517 3947 525 3980 ;
538 3937 635 3982 sequente
648 3935 713 3972 simul
727 3938 819 3982 apparet
833 3935 885 3973 hacc
898 3935 955 3978 falso
970 3937 1086 3973 consectata
1100 3945 1149 3976 csse.
1174 3935 1203 3973 Aa
1214 3946 1247 3973 mc
1258 3939 1332 3981 mosel,
1351 3927 1378 3965 ⁴⁰

218 3987 274 4034 quod
288 3986 322 4024 hle
334 3987 395 4024 solus
408 3997 482 4025 versus
495 3987 580 4025 sillabis
593 3989 691 4026 consents
705 3992 786 4026 careal.
847 3986 869 4038 e)
885 3988 942 4028 vall.
957 3991 1027 4027 vitans
1042 4000 1059 4026 c.
1075 3989 1211 4027 Haccnllnos
1224 3989 1263 4026 hoc
1276 3999 1333 4026 anno

218 4039 349 4078 Marullum
367 4044 386 4078 el
400 4040 527 4078 Parmam
545 4041 568 4078 ln
585 4041 641 4078 valle
657 4042 719 4078 Tarii
736 4043 811 4079 massa
828 4042 896 4087 refert
914 4041 964 4082 Iob.
980 4043 1006 4079 sle
1024 4041 1110 4084 Musas.
1124 4043 1193 4084 Parta.
1262 4044 1281 4090 l)
1300 4041 1334 4080 in-

217 4093 303 4140 frigunt
316 4104 333 4135 c,
386 4096 408 4141 g)
427 4094 548 4142 eruendam
563 4094 652 4140 tingunt
665 4105 682 4136 c.
737 4091 760 4147 h)
774 4093 877 4134 adtortnr
890 4105 909 4132 c.

218 4235 245 4302 1)
267 4235 433 4287 Palavicinus
451 4235 482 4287 dc
499 4236 664 4300 Pellaeas,
683 4237 754 4289 Ana.
774 4237 866 4294 Paron.
885 4237 958 4300 neat,
977 4236 1025 4290 SS.
1045 4236 1154 4300 XVIII,
1170 4255 1198 4304 p.
1212 4238 1272 4292 665.
