<?xml version="1.0" encoding="UTF-8"?>
<!DOCTYPE html PUBLIC "-//W3C//DTD XHTML 1.0 Transitional//EN"
    "http://www.w3.org/TR/xhtml1/DTD/xhtml1-transitional.dtd">
<html xmlns="http://www.w3.org/1999/xhtml" xml:lang="en" lang="en">
 <head>
  <title>
</title>
<meta http-equiv="Content-Type" content="text/html;charset=utf-8" />
  <meta name='ocr-system' content='tesseract 3.04.00' />
  <meta name='ocr-capabilities' content='ocr_page ocr_carea ocr_par ocr_line ocrx_word'/>
</head>
<body>
  <div class='ocr_page' id='page_1' title='image "./iohanniscodagne01codagoog_0091.png"; bbox 0 0 3112 4856; ppageno 0'>
   <div class='ocr_carea' id='block_1_1' title="bbox 338 335 1311 398">
    <p class='ocr_par' dir='ltr' id='par_1_1' title="bbox 338 335 1311 398">
     <span class='ocr_line' id='line_1_1' title="bbox 338 335 1311 398; baseline 0.007 -8"><span class='ocrx_word' id='word_1_1' title='bbox 338 335 528 391; x_wconf 84' lang='lat' dir='ltr'>IOHANNIS</span> <span class='ocrx_word' id='word_1_2' title='bbox 548 335 796 391; x_wconf 70' lang='lat' dir='ltr'>consuuntur</span> <span class='ocrx_word' id='word_1_3' title='bbox 814 335 996 393; x_wconf 79' lang='lat' dir='ltr'><strong>ANNALES</strong></span> <span class='ocrx_word' id='word_1_4' title='bbox 1015 337 1050 394; x_wconf 88' lang='lat' dir='ltr'>A.</span> <span class='ocrx_word' id='word_1_5' title='bbox 1066 341 1142 395; x_wconf 82' lang='lat'>1218.</span> <span class='ocrx_word' id='word_1_6' title='bbox 1276 344 1311 398; x_wconf 81' lang='grc'>67</span> 
     </span>
    </p>
   </div>
   <div class='ocr_carea' id='block_1_2' title="bbox 70 519 1424 3708">
    <p class='ocr_par' dir='ltr' id='par_1_2' title="bbox 188 519 1408 604">
     <span class='ocr_line' id='line_1_2' title="bbox 188 519 1408 604; baseline 0 -20"><span class='ocrx_word' id='word_1_7' title='bbox 188 519 408 602; x_wconf 84' lang='lat' dir='ltr'>expeditione</span> <span class='ocrx_word' id='word_1_8' title='bbox 425 541 487 603; x_wconf 89' lang='lat' dir='ltr'>pro</span> <span class='ocrx_word' id='word_1_9' title='bbox 499 519 803 604; x_wconf 85' lang='lat' dir='ltr'>paceinquirenda</span> <span class='ocrx_word' id='word_1_10' title='bbox 814 522 850 584; x_wconf 89' lang='lat' dir='ltr'>et</span> <span class='ocrx_word' id='word_1_11' title='bbox 862 521 1098 604; x_wconf 80' lang='lat' dir='ltr'>conponenda,</span> <span class='ocrx_word' id='word_1_12' title='bbox 1115 522 1307 587; x_wconf 65' lang='lat' dir='ltr'>instantesa</span> <span class='ocrx_word' id='word_1_13' title='bbox 1331 531 1408 585; x_wconf 77' lang='lat'>1218,</span> 
     </span>
    </p>

    <p class='ocr_par' dir='ltr' id='par_1_3' title="bbox 188 608 1311 692">
     <span class='ocr_line' id='line_1_3' title="bbox 188 608 1311 692; baseline 0.005 -22"><span class='ocrx_word' id='word_1_14' title='bbox 188 609 298 682; x_wconf 82' lang='lat' dir='ltr'>nobis,</span> <span class='ocrx_word' id='word_1_15' title='bbox 321 610 363 671; x_wconf 89' lang='lat' dir='ltr'>ut</span> <span class='ocrx_word' id='word_1_16' title='bbox 376 608 490 672; x_wconf 89' lang='lat' dir='ltr'>redire</span> <span class='ocrx_word' id='word_1_17' title='bbox 507 608 718 684; x_wconf 83' lang='lat' dir='ltr'>deberemus,</span> <span class='ocrx_word' id='word_1_18' title='bbox 735 608 891 672; x_wconf 86' lang='lat' dir='ltr'>volentes</span> <span class='ocrx_word' id='word_1_19' title='bbox 907 609 1069 692; x_wconf 89' lang='lat' dir='ltr'>petitioni</span> <span class='ocrx_word' id='word_1_20' title='bbox 1085 613 1120 675; x_wconf 87' lang='lat' dir='ltr'>et</span> <span class='ocrx_word' id='word_1_21' title='bbox 1135 611 1311 676; x_wconf 88' lang='lat' dir='ltr'>voluntati</span> 
     </span>
    </p>

    <p class='ocr_par' dir='ltr' id='par_1_4' title="bbox 189 697 1309 779">
     <span class='ocr_line' id='line_1_4' title="bbox 189 697 1309 779; baseline 0.004 -18"><span class='ocrx_word' id='word_1_22' title='bbox 189 702 328 761; x_wconf 79' lang='lat' dir='ltr'>eorum⁸</span> <span class='ocrx_word' id='word_1_23' title='bbox 347 697 557 774; x_wconf 74' lang='lat' dir='ltr'>satisfacere,</span> <span class='ocrx_word' id='word_1_24' title='bbox 583 698 625 761; x_wconf 92' lang='lat' dir='ltr'>de</span> <span class='ocrx_word' id='word_1_25' title='bbox 646 697 885 761; x_wconf 89' lang='lat' dir='ltr'>iurisdictione</span> <span class='ocrx_word' id='word_1_26' title='bbox 900 698 1116 762; x_wconf 90' lang='lat' dir='ltr'>inimicorum</span> <span class='ocrx_word' id='word_1_27' title='bbox 1134 703 1309 779; x_wconf 86' lang='lat' dir='ltr'>exeuntes,</span> 
     </span>
    </p>

    <p class='ocr_par' dir='ltr' id='par_1_5' title="bbox 155 785 1424 959">
     <span class='ocr_line' id='line_1_5' title="bbox 189 785 1424 870; baseline 0.005 -20"><span class='ocrx_word' id='word_1_28' title='bbox 189 807 228 850; x_wconf 91' lang='lat' dir='ltr'>ea</span> <span class='ocrx_word' id='word_1_29' title='bbox 253 786 308 850; x_wconf 93' lang='lat' dir='ltr'>die</span> <span class='ocrx_word' id='word_1_30' title='bbox 333 785 377 849; x_wconf 89' lang='lat' dir='ltr'>ad</span> <span class='ocrx_word' id='word_1_31' title='bbox 400 786 511 850; x_wconf 85' lang='lat' dir='ltr'>rivum</span> <span class='ocrx_word' id='word_1_32' title='bbox 536 785 678 869; x_wconf 88' lang='lat' dir='ltr'>lnglum</span> <span class='ocrx_word' id='word_1_33' title='bbox 702 786 869 870; x_wconf 87' lang='lat' dir='ltr'>hospitati</span> <span class='ocrx_word' id='word_1_34' title='bbox 892 786 1000 864; x_wconf 82' lang='lat' dir='ltr'>fuere,</span> <span class='ocrx_word' id='word_1_35' title='bbox 1025 787 1094 850; x_wconf 87' lang='lat' dir='ltr'>alia</span> <span class='ocrx_word' id='word_1_36' title='bbox 1111 789 1166 852; x_wconf 92' lang='lat' dir='ltr'>die</span> <span class='ocrx_word' id='word_1_37' title='bbox 1182 791 1310 854; x_wconf 90' lang='lat' dir='ltr'>reversi</span> <span class='ocrx_word' id='word_1_38' title='bbox 1329 814 1424 858; x_wconf 56' lang='lat' dir='ltr'>amna</span> 
     </span>
     <span class='ocr_line' id='line_1_6' title="bbox 155 874 511 959; baseline 0 -22"><span class='ocrx_word' id='word_1_39' title='bbox 155 878 270 938; x_wconf 79' lang='lat' dir='ltr'>esunt</span> <span class='ocrx_word' id='word_1_40' title='bbox 293 874 338 938; x_wconf 90' lang='lat' dir='ltr'>ad</span> <span class='ocrx_word' id='word_1_41' title='bbox 361 875 511 959; x_wconf 88' lang='lat' dir='ltr'>propria.</span> 
     </span>
    </p>

    <p class='ocr_par' dir='ltr' id='par_1_6' title="bbox 186 963 1403 1315">
     <span class='ocr_line' id='line_1_7' title="bbox 295 963 1403 1049; baseline 0.002 -23"><span class='ocrx_word' id='word_1_42' title='bbox 295 964 359 1027; x_wconf 93' lang='lat' dir='ltr'>Die</span> <span class='ocrx_word' id='word_1_43' title='bbox 383 964 546 1028; x_wconf 83' lang='lat' dir='ltr'>Mercurii</span> <span class='ocrx_word' id='word_1_44' title='bbox 573 963 664 1027; x_wconf 91' lang='lat' dir='ltr'><strong>IIII.</strong></span> <span class='ocrx_word' id='word_1_45' title='bbox 689 963 815 1027; x_wconf 86' lang='lat' dir='ltr'>mensis</span> <span class='ocrx_word' id='word_1_46' title='bbox 845 963 929 1027; x_wconf 90' lang='lat' dir='ltr'>Iulii</span> <span class='ocrx_word' id='word_1_47' title='bbox 958 965 1104 1048; x_wconf 86' lang='lat' dir='ltr'>proximi</span> <span class='ocrx_word' id='word_1_48' title='bbox 1135 967 1310 1049; x_wconf 90' lang='lat' dir='ltr'>sequentis</span> <span class='ocrx_word' id='word_1_49' title='bbox 1328 991 1403 1034; x_wconf 64' lang='lat' dir='ltr'>arn</span> 
     </span>
     <span class='ocr_line' id='line_1_8' title="bbox 189 1051 1310 1138; baseline 0.003 -23"><span class='ocrx_word' id='word_1_50' title='bbox 189 1051 436 1117; x_wconf 75' lang='lat' dir='ltr'>Cremonenses</span> <span class='ocrx_word' id='word_1_51' title='bbox 459 1053 733 1136; x_wconf 84' lang='lat' dir='ltr'>explanaverunt</span> <span class='ocrx_word' id='word_1_52' title='bbox 755 1052 924 1116; x_wconf 84' lang='lat' dir='ltr'>fossatum</span> <span class='ocrx_word' id='word_1_53' title='bbox 956 1054 1048 1136; x_wconf 89' lang='lat' dir='ltr'>quod</span> <span class='ocrx_word' id='word_1_54' title='bbox 1079 1057 1132 1118; x_wconf 91' lang='lat' dir='ltr'>est</span> <span class='ocrx_word' id='word_1_55' title='bbox 1164 1053 1310 1138; x_wconf 86' lang='lat' dir='ltr'>desuper</span> 
     </span>
     <span class='ocr_line' id='line_1_9' title="bbox 187 1137 1305 1227; baseline 0.003 -23"><span class='ocrx_word' id='word_1_56' title='bbox 187 1141 440 1218; x_wconf 82' lang='lat' dir='ltr'>Florennolam;</span> <span class='ocrx_word' id='word_1_57' title='bbox 471 1142 561 1205; x_wconf 92' lang='lat' dir='ltr'>illud</span> <span class='ocrx_word' id='word_1_58' title='bbox 590 1143 811 1205; x_wconf 85' lang='lat' dir='ltr'>transeuntes</span> <span class='ocrx_word' id='word_1_59' title='bbox 839 1141 977 1206; x_wconf 86' lang='lat' dir='ltr'>arbores</span> <span class='ocrx_word' id='word_1_60' title='bbox 1001 1144 1037 1206; x_wconf 88' lang='lat' dir='ltr'>et</span> <span class='ocrx_word' id='word_1_61' title='bbox 1060 1143 1187 1219; x_wconf 86' lang='lat' dir='ltr'>vineas,</span> <span class='ocrx_word' id='word_1_62' title='bbox 1219 1137 1305 1227; x_wconf 64' lang='lat' dir='ltr'>quel</span> 
     </span>
     <span class='ocr_line' id='line_1_10' title="bbox 186 1193 1309 1315; baseline 0.005 -24"><span class='ocrx_word' id='word_1_63' title='bbox 186 1230 223 1292; x_wconf 91' lang='lat' dir='ltr'>in</span> <span class='ocrx_word' id='word_1_64' title='bbox 245 1229 316 1294; x_wconf 92' lang='lat' dir='ltr'>illis</span> <span class='ocrx_word' id='word_1_65' title='bbox 339 1193 496 1314; x_wconf 87' lang='lat' dir='ltr'>partibus</span> <span class='ocrx_word' id='word_1_66' title='bbox 519 1230 736 1304; x_wconf 85' lang='lat' dir='ltr'>invenerunt,</span> <span class='ocrx_word' id='word_1_67' title='bbox 761 1250 823 1314; x_wconf 90' lang='lat' dir='ltr'>per</span> <span class='ocrx_word' id='word_1_68' title='bbox 837 1229 954 1294; x_wconf 83' lang='lat' dir='ltr'>villam</span> <span class='ocrx_word' id='word_1_69' title='bbox 972 1231 1183 1295; x_wconf 85' lang='lat' dir='ltr'>Luxeraschi</span> <span class='ocrx_word' id='word_1_70' title='bbox 1201 1253 1309 1315; x_wconf 88' lang='lat' dir='ltr'>usque</span> 
     </span>
    </p>

    <p class='ocr_par' dir='ltr' id='par_1_7' title="bbox 144 1319 1402 1740">
     <span class='ocr_line' id='line_1_11' title="bbox 144 1319 1310 1396; baseline 0.003 -15"><span class='ocrx_word' id='word_1_71' title='bbox 144 1344 168 1382; x_wconf 89' lang='grc' dir='ltr'>ιο</span> <span class='ocrx_word' id='word_1_72' title='bbox 187 1320 231 1382; x_wconf 91' lang='lat' dir='ltr'>ad</span> <span class='ocrx_word' id='word_1_73' title='bbox 256 1319 420 1383; x_wconf 83' lang='lat' dir='ltr'>Sanctum</span> <span class='ocrx_word' id='word_1_74' title='bbox 445 1319 671 1383; x_wconf 86' lang='lat' dir='ltr'>Laurentium</span> <span class='ocrx_word' id='word_1_75' title='bbox 696 1319 942 1383; x_wconf 84' lang='lat' dir='ltr'>destruxerunt</span> <span class='ocrx_word' id='word_1_76' title='bbox 969 1323 1004 1383; x_wconf 92' lang='lat' dir='ltr'>et</span> <span class='ocrx_word' id='word_1_77' title='bbox 1027 1320 1241 1396; x_wconf 76' lang='lat' dir='ltr'>inciderunt,</span> <span class='ocrx_word' id='word_1_78' title='bbox 1274 1325 1310 1384; x_wconf 92' lang='lat' dir='ltr'>et</span> 
     </span>
     <span class='ocr_line' id='line_1_12' title="bbox 187 1407 1402 1492; baseline 0.003 -20"><span class='ocrx_word' id='word_1_79' title='bbox 187 1428 228 1472; x_wconf 89' lang='lat' dir='ltr'>ea</span> <span class='ocrx_word' id='word_1_80' title='bbox 251 1408 306 1472; x_wconf 92' lang='lat' dir='ltr'>die</span> <span class='ocrx_word' id='word_1_81' title='bbox 330 1409 366 1471; x_wconf 92' lang='lat' dir='ltr'>in</span> <span class='ocrx_word' id='word_1_82' title='bbox 391 1408 570 1471; x_wconf 84' lang='lat' dir='ltr'>Salmuriis</span> <span class='ocrx_word' id='word_1_83' title='bbox 595 1408 763 1491; x_wconf 88' lang='lat' dir='ltr'>hospitati</span> <span class='ocrx_word' id='word_1_84' title='bbox 786 1407 899 1483; x_wconf 83' lang='lat' dir='ltr'>fuere;</span> <span class='ocrx_word' id='word_1_85' title='bbox 925 1407 994 1471; x_wconf 88' lang='lat' dir='ltr'>alia</span> <span class='ocrx_word' id='word_1_86' title='bbox 1019 1409 1074 1473; x_wconf 90' lang='lat' dir='ltr'>die</span> <span class='ocrx_word' id='word_1_87' title='bbox 1098 1430 1159 1492; x_wconf 93' lang='lat' dir='ltr'>per</span> <span class='ocrx_word' id='word_1_88' title='bbox 1181 1408 1309 1474; x_wconf 84' lang='lat' dir='ltr'>vallem</span> <span class='ocrx_word' id='word_1_89' title='bbox 1328 1435 1402 1477; x_wconf 70' lang='lat' dir='ltr'>rure.</span> 
     </span>
     <span class='ocr_line' id='line_1_13' title="bbox 187 1495 1309 1582; baseline 0.002 -23"><span class='ocrx_word' id='word_1_90' title='bbox 187 1497 350 1581; x_wconf 85' lang='lat' dir='ltr'>Longane</span> <span class='ocrx_word' id='word_1_91' title='bbox 384 1497 580 1579; x_wconf 73' lang='lat' dir='ltr'>equitantes</span> <span class='ocrx_word' id='word_1_92' title='bbox 613 1499 649 1560; x_wconf 93' lang='lat' dir='ltr'>et</span> <span class='ocrx_word' id='word_1_93' title='bbox 681 1517 742 1580; x_wconf 90' lang='lat' dir='ltr'>per</span> <span class='ocrx_word' id='word_1_94' title='bbox 774 1495 902 1559; x_wconf 85' lang='lat' dir='ltr'>vallem</span> <span class='ocrx_word' id='word_1_95' title='bbox 932 1496 1122 1560; x_wconf 81' lang='lat' dir='ltr'>Sustircnis</span> <span class='ocrx_word' id='word_1_96' title='bbox 1153 1498 1309 1582; x_wconf 84' lang='lat' dir='ltr'>Burgum</span> 
     </span>
     <span class='ocr_line' id='line_1_14' title="bbox 184 1585 1308 1669; baseline 0.004 -22"><span class='ocrx_word' id='word_1_97' title='bbox 184 1586 371 1650; x_wconf 89' lang='lat' dir='ltr'>redeuntes</span> <span class='ocrx_word' id='word_1_98' title='bbox 401 1585 539 1649; x_wconf 88' lang='lat' dir='ltr'>arbores</span> <span class='ocrx_word' id='word_1_99' title='bbox 568 1588 603 1649; x_wconf 90' lang='lat' dir='ltr'>et</span> <span class='ocrx_word' id='word_1_100' title='bbox 634 1585 750 1648; x_wconf 90' lang='lat' dir='ltr'>vineas</span> <span class='ocrx_word' id='word_1_101' title='bbox 781 1587 817 1649; x_wconf 91' lang='lat' dir='ltr'>et</span> <span class='ocrx_word' id='word_1_102' title='bbox 848 1597 981 1667; x_wconf 77' lang='lat' dir='ltr'>segetes</span> <span class='ocrx_word' id='word_1_103' title='bbox 1005 1587 1040 1649; x_wconf 88' lang='lat' dir='ltr'>et</span> <span class='ocrx_word' id='word_1_104' title='bbox 1063 1606 1105 1650; x_wconf 88' lang='lat' dir='ltr'>ea</span> <span class='ocrx_word' id='word_1_105' title='bbox 1128 1606 1194 1669; x_wconf 90' lang='lat' dir='ltr'>que</span> <span class='ocrx_word' id='word_1_106' title='bbox 1217 1587 1308 1651; x_wconf 88' lang='lat' dir='ltr'>inve·</span> 
     </span>
     <span class='ocr_line' id='line_1_15' title="bbox 186 1673 1308 1740; baseline 0.004 -4"><span class='ocrx_word' id='word_1_107' title='bbox 186 1678 315 1737; x_wconf 91' lang='lat' dir='ltr'>nerunt</span> <span class='ocrx_word' id='word_1_108' title='bbox 327 1674 572 1737; x_wconf 84' lang='lat' dir='ltr'>destruxerunt</span> <span class='ocrx_word' id='word_1_109' title='bbox 588 1676 624 1738; x_wconf 88' lang='lat' dir='ltr'>et</span> <span class='ocrx_word' id='word_1_110' title='bbox 636 1673 879 1738; x_wconf 84' lang='lat' dir='ltr'>conbuserunt.</span> <span class='ocrx_word' id='word_1_111' title='bbox 913 1673 963 1736; x_wconf 85' lang='lat' dir='ltr'>Ea</span> <span class='ocrx_word' id='word_1_112' title='bbox 979 1676 1096 1738; x_wconf 88' lang='lat' dir='ltr'>autem</span> <span class='ocrx_word' id='word_1_113' title='bbox 1108 1675 1164 1738; x_wconf 88' lang='lat' dir='ltr'>dic</span> <span class='ocrx_word' id='word_1_114' title='bbox 1180 1675 1308 1740; x_wconf 87' lang='lat' dir='ltr'>milites</span> 
     </span>
    </p>

    <p class='ocr_par' dir='ltr' id='par_1_8' title="bbox 140 1761 1308 2202">
     <span class='ocr_line' id='line_1_16' title="bbox 140 1761 1308 1845; baseline 0.001 -20"><span class='ocrx_word' id='word_1_115' title='bbox 140 1785 167 1825; x_wconf 79' lang='lat' dir='ltr'>rs</span> <span class='ocrx_word' id='word_1_116' title='bbox 186 1762 387 1827; x_wconf 83' lang='lat' dir='ltr'>Florenzole</span> <span class='ocrx_word' id='word_1_117' title='bbox 418 1783 493 1825; x_wconf 85' lang='lat' dir='ltr'>eum</span> <span class='ocrx_word' id='word_1_118' title='bbox 527 1762 699 1845; x_wconf 78' lang='lat' dir='ltr'>aliquibus</span> <span class='ocrx_word' id='word_1_119' title='bbox 723 1761 902 1826; x_wconf 86' lang='lat' dir='ltr'>Placentie</span> <span class='ocrx_word' id='word_1_120' title='bbox 926 1762 1095 1826; x_wconf 85' lang='lat' dir='ltr'>militibus</span> <span class='ocrx_word' id='word_1_121' title='bbox 1118 1762 1155 1825; x_wconf 92' lang='lat' dir='ltr'>in</span> <span class='ocrx_word' id='word_1_122' title='bbox 1178 1767 1308 1828; x_wconf 88' lang='lat' dir='ltr'>terram</span> 
     </span>
     <span class='ocr_line' id='line_1_17' title="bbox 186 1850 1307 1935; baseline 0.003 -21"><span class='ocrx_word' id='word_1_123' title='bbox 186 1850 355 1916; x_wconf 90' lang='lat' dir='ltr'>Cremone</span> <span class='ocrx_word' id='word_1_124' title='bbox 370 1852 577 1935; x_wconf 87' lang='lat' dir='ltr'>equitavere,</span> <span class='ocrx_word' id='word_1_125' title='bbox 595 1872 656 1934; x_wconf 93' lang='lat' dir='ltr'>per</span> <span class='ocrx_word' id='word_1_126' title='bbox 671 1851 761 1914; x_wconf 87' lang='lat' dir='ltr'>viam</span> <span class='ocrx_word' id='word_1_127' title='bbox 778 1851 920 1928; x_wconf 81' lang='lat' dir='ltr'>scilicet,</span> <span class='ocrx_word' id='word_1_128' title='bbox 941 1872 1045 1934; x_wconf 88' lang='lat' dir='ltr'>quam</span> <span class='ocrx_word' id='word_1_129' title='bbox 1062 1850 1307 1917; x_wconf 78' lang='lat' dir='ltr'>Cremonenses</span> 
     </span>
     <span class='ocr_line' id='line_1_18' title="bbox 185 1941 1308 2023; baseline 0.001 -20"><span class='ocrx_word' id='word_1_130' title='bbox 185 1961 247 2023; x_wconf 92' lang='lat' dir='ltr'>per</span> <span class='ocrx_word' id='word_1_131' title='bbox 262 1941 436 2023; x_wconf 87' lang='lat' dir='ltr'>quoddam</span> <span class='ocrx_word' id='word_1_132' title='bbox 454 1960 576 2004; x_wconf 90' lang='lat' dir='ltr'>nemus</span> <span class='ocrx_word' id='word_1_133' title='bbox 598 1941 771 2017; x_wconf 82' lang='lat' dir='ltr'>fecerant;</span> <span class='ocrx_word' id='word_1_134' title='bbox 796 1941 833 2003; x_wconf 92' lang='lat' dir='ltr'>in</span> <span class='ocrx_word' id='word_1_135' title='bbox 848 1941 947 2004; x_wconf 90' lang='lat' dir='ltr'>cuius</span> <span class='ocrx_word' id='word_1_136' title='bbox 964 1941 1078 2004; x_wconf 77' lang='lat' dir='ltr'>exitu⁰</span> <span class='ocrx_word' id='word_1_137' title='bbox 1099 1941 1308 2006; x_wconf 87' lang='lat' dir='ltr'>invenerunt</span> 
     </span>
     <span class='ocr_line' id='line_1_19' title="bbox 186 2028 1307 2113; baseline 0.001 -21"><span class='ocrx_word' id='word_1_138' title='bbox 186 2028 442 2107; x_wconf 77' lang='lat' dir='ltr'>Cremonenses,</span> <span class='ocrx_word' id='word_1_139' title='bbox 473 2029 532 2112; x_wconf 90' lang='lat' dir='ltr'>qui</span> <span class='ocrx_word' id='word_1_140' title='bbox 556 2032 706 2113; x_wconf 89' lang='lat' dir='ltr'>pontem,</span> <span class='ocrx_word' id='word_1_141' title='bbox 738 2049 922 2112; x_wconf 92' lang='lat' dir='ltr'>perquem</span> <span class='ocrx_word' id='word_1_142' title='bbox 948 2029 1168 2107; x_wconf 81' lang='lat' dir='ltr'>transierant,</span> <span class='ocrx_word' id='word_1_143' title='bbox 1198 2033 1307 2094; x_wconf 89' lang='lat' dir='ltr'>custo·</span> 
     </span>
     <span class='ocr_line' id='line_1_20' title="bbox 186 2117 1305 2202; baseline 0.002 -22"><span class='ocrx_word' id='word_1_144' title='bbox 186 2117 344 2196; x_wconf 86' lang='lat' dir='ltr'>diebant;</span> <span class='ocrx_word' id='word_1_145' title='bbox 370 2118 495 2201; x_wconf 90' lang='lat' dir='ltr'>quibus</span> <span class='ocrx_word' id='word_1_146' title='bbox 514 2119 595 2182; x_wconf 85' lang='lat' dir='ltr'>visis</span> <span class='ocrx_word' id='word_1_147' title='bbox 619 2118 765 2202; x_wconf 89' lang='lat' dir='ltr'>prelium</span> <span class='ocrx_word' id='word_1_148' title='bbox 790 2138 869 2181; x_wconf 91' lang='lat' dir='ltr'>cum</span> <span class='ocrx_word' id='word_1_149' title='bbox 893 2119 942 2182; x_wconf 90' lang='lat' dir='ltr'>eis</span> <span class='ocrx_word' id='word_1_150' title='bbox 965 2118 1170 2201; x_wconf 87' lang='lat' dir='ltr'>inceperunt</span> <span class='ocrx_word' id='word_1_151' title='bbox 1195 2164 1305 2182; x_wconf 91' lang='grc'><strong>.....</strong></span> 
     </span>
    </p>

    <p class='ocr_par' dir='ltr' id='par_1_9' title="bbox 139 2202 1307 2359">
     <span class='ocr_line' id='line_1_21' title="bbox 139 2202 1307 2290; baseline 0.001 -22"><span class='ocrx_word' id='word_1_152' title='bbox 139 2230 166 2268; x_wconf 80' lang='lat'>20</span> <span class='ocrx_word' id='word_1_153' title='bbox 187 2202 397 2290; x_wconf 66' lang='lat' dir='ltr'>[ceperuntdl</span> <span class='ocrx_word' id='word_1_154' title='bbox 429 2207 520 2270; x_wconf 88' lang='lat' dir='ltr'>circa</span> <span class='ocrx_word' id='word_1_155' title='bbox 550 2210 690 2270; x_wconf 89' lang='lat' dir='ltr'>centum</span> <span class='ocrx_word' id='word_1_156' title='bbox 721 2206 849 2281; x_wconf 91' lang='lat' dir='ltr'>decem,</span> <span class='ocrx_word' id='word_1_157' title='bbox 881 2226 966 2289; x_wconf 88' lang='lat' dir='ltr'>quos</span> <span class='ocrx_word' id='word_1_158' title='bbox 993 2207 1103 2270; x_wconf 88' lang='lat' dir='ltr'>victos</span> <span class='ocrx_word' id='word_1_159' title='bbox 1133 2207 1307 2270; x_wconf 85' lang='lat' dir='ltr'>duxerunt</span> 
     </span>
     <span class='ocr_line' id='line_1_22' title="bbox 186 2294 689 2359; baseline -0.006 0"><span class='ocrx_word' id='word_1_160' title='bbox 186 2299 221 2359; x_wconf 91' lang='lat' dir='ltr'>et</span> <span class='ocrx_word' id='word_1_161' title='bbox 243 2296 280 2358; x_wconf 91' lang='lat' dir='ltr'>in</span> <span class='ocrx_word' id='word_1_162' title='bbox 304 2315 440 2359; x_wconf 88' lang='lat' dir='ltr'>carcere</span> <span class='ocrx_word' id='word_1_163' title='bbox 463 2294 689 2359; x_wconf 88' lang='lat' dir='ltr'>recluserunt.</span> 
     </span>
    </p>

    <p class='ocr_par' dir='ltr' id='par_1_10' title="bbox 184 2382 1399 2643">
     <span class='ocr_line' id='line_1_23' title="bbox 292 2382 1399 2450; baseline 0.004 -4"><span class='ocrx_word' id='word_1_164' title='bbox 292 2383 358 2446; x_wconf 93' lang='lat' dir='ltr'>Die</span> <span class='ocrx_word' id='word_1_165' title='bbox 390 2383 527 2446; x_wconf 86' lang='lat' dir='ltr'>sabbati</span> <span class='ocrx_word' id='word_1_166' title='bbox 548 2382 629 2446; x_wconf 88' lang='lat' dir='ltr'>VII.</span> <span class='ocrx_word' id='word_1_167' title='bbox 655 2382 809 2446; x_wconf 90' lang='lat' dir='ltr'>eiusdem</span> <span class='ocrx_word' id='word_1_168' title='bbox 840 2383 965 2446; x_wconf 87' lang='lat' dir='ltr'>mensis</span> <span class='ocrx_word' id='word_1_169' title='bbox 995 2382 1081 2446; x_wconf 91' lang='lat' dir='ltr'>Iulii</span> <span class='ocrx_word' id='word_1_170' title='bbox 1110 2382 1306 2447; x_wconf 82' lang='lat' dir='ltr'>Placentini</span> <span class='ocrx_word' id='word_1_171' title='bbox 1325 2409 1399 2450; x_wconf 68' lang='lat' dir='ltr'>aar.</span> 
     </span>
     <span class='ocr_line' id='line_1_24' title="bbox 185 2470 1303 2550; baseline 0.001 -15"><span class='ocrx_word' id='word_1_172' title='bbox 185 2473 221 2535; x_wconf 85' lang='lat' dir='ltr'>et</span> <span class='ocrx_word' id='word_1_173' title='bbox 244 2471 520 2536; x_wconf 88' lang='lat' dir='ltr'>Mediolanenses</span> <span class='ocrx_word' id='word_1_174' title='bbox 550 2471 678 2535; x_wconf 91' lang='lat' dir='ltr'>milites</span> <span class='ocrx_word' id='word_1_175' title='bbox 707 2472 925 2535; x_wconf 86' lang='lat' dir='ltr'>intraverunt</span> <span class='ocrx_word' id='word_1_176' title='bbox 955 2471 992 2532; x_wconf 91' lang='lat' dir='ltr'>in</span> <span class='ocrx_word' id='word_1_177' title='bbox 1019 2473 1149 2535; x_wconf 90' lang='lat' dir='ltr'>terram</span> <span class='ocrx_word' id='word_1_178' title='bbox 1171 2470 1303 2550; x_wconf 87' lang='lat' dir='ltr'>Parme,</span> 
     </span>
     <span class='ocr_line' id='line_1_25' title="bbox 184 2559 1305 2643; baseline 0.002 -21"><span class='ocrx_word' id='word_1_179' title='bbox 184 2559 220 2622; x_wconf 89' lang='lat' dir='ltr'>iu</span> <span class='ocrx_word' id='word_1_180' title='bbox 238 2561 334 2624; x_wconf 91' lang='lat' dir='ltr'>curia</span> <span class='ocrx_word' id='word_1_181' title='bbox 349 2560 483 2624; x_wconf 89' lang='lat' dir='ltr'>scilicet</span> <span class='ocrx_word' id='word_1_182' title='bbox 499 2559 701 2637; x_wconf 90' lang='lat' dir='ltr'>Curticelle;</span> <span class='ocrx_word' id='word_1_183' title='bbox 727 2559 916 2623; x_wconf 88' lang='lat' dir='ltr'>caminatas</span> <span class='ocrx_word' id='word_1_184' title='bbox 933 2562 969 2623; x_wconf 91' lang='lat' dir='ltr'>et</span> <span class='ocrx_word' id='word_1_185' title='bbox 986 2560 1104 2623; x_wconf 91' lang='lat' dir='ltr'>domos</span> <span class='ocrx_word' id='word_1_186' title='bbox 1120 2563 1156 2624; x_wconf 88' lang='lat' dir='ltr'>et</span> <span class='ocrx_word' id='word_1_187' title='bbox 1172 2565 1305 2643; x_wconf 85' lang='lat' dir='ltr'>segetes</span> 
     </span>
    </p>

    <p class='ocr_par' dir='ltr' id='par_1_11' title="bbox 138 2647 1412 2811">
     <span class='ocr_line' id='line_1_26' title="bbox 138 2647 1303 2732; baseline 0.003 -22"><span class='ocrx_word' id='word_1_188' title='bbox 138 2671 166 2710; x_wconf 76' lang='lat' dir='ltr'>aa</span> <span class='ocrx_word' id='word_1_189' title='bbox 184 2651 221 2712; x_wconf 88' lang='lat' dir='ltr'>et</span> <span class='ocrx_word' id='word_1_190' title='bbox 251 2649 389 2713; x_wconf 84' lang='lat' dir='ltr'>arbores</span> <span class='ocrx_word' id='word_1_191' title='bbox 417 2653 453 2714; x_wconf 90' lang='lat' dir='ltr'>et</span> <span class='ocrx_word' id='word_1_192' title='bbox 475 2649 602 2727; x_wconf 84' lang='lat' dir='ltr'>vineas,</span> <span class='ocrx_word' id='word_1_193' title='bbox 635 2649 780 2732; x_wconf 90' lang='lat' dir='ltr'>quasin</span> <span class='ocrx_word' id='word_1_194' title='bbox 807 2647 877 2711; x_wconf 91' lang='lat' dir='ltr'>illis</span> <span class='ocrx_word' id='word_1_195' title='bbox 906 2648 1062 2732; x_wconf 86' lang='lat' dir='ltr'>partibus</span> <span class='ocrx_word' id='word_1_196' title='bbox 1085 2649 1303 2728; x_wconf 81' lang='lat' dir='ltr'>invenerunt,</span> 
     </span>
     <span class='ocr_line' id='line_1_27' title="bbox 185 2736 1412 2817; baseline 0.003 -17"><span class='ocrx_word' id='word_1_197' title='bbox 185 2736 454 2817; x_wconf 70' lang='lat' dir='ltr'>*destruxerunt</span> <span class='ocrx_word' id='word_1_198' title='bbox 479 2738 677 2802; x_wconf 90' lang='lat' dir='ltr'>inciderunt</span> <span class='ocrx_word' id='word_1_199' title='bbox 701 2741 736 2802; x_wconf 93' lang='lat' dir='ltr'>et</span> <span class='ocrx_word' id='word_1_200' title='bbox 760 2737 1005 2802; x_wconf 87' lang='lat' dir='ltr'>conbuserunt.</span> <span class='ocrx_word' id='word_1_201' title='bbox 1325 2762 1412 2811; x_wconf 64' lang='lat' dir='ltr'>*roca</span> 
     </span>
    </p>

    <p class='ocr_par' dir='ltr' id='par_1_12' title="bbox 183 2826 1381 3088">
     <span class='ocr_line' id='line_1_28' title="bbox 289 2826 1381 2910; baseline -0.002 -20"><span class='ocrx_word' id='word_1_202' title='bbox 289 2827 421 2892; x_wconf 82' lang='lat' dir='ltr'>Eodem</span> <span class='ocrx_word' id='word_1_203' title='bbox 462 2847 563 2905; x_wconf 91' lang='lat' dir='ltr'>anno,</span> <span class='ocrx_word' id='word_1_204' title='bbox 601 2846 717 2891; x_wconf 91' lang='lat' dir='ltr'>mense</span> <span class='ocrx_word' id='word_1_205' title='bbox 752 2826 904 2909; x_wconf 82' lang='lat' dir='ltr'>Augusti</span> <span class='ocrx_word' id='word_1_206' title='bbox 941 2827 1088 2910; x_wconf 83' lang='lat' dir='ltr'>proximi</span> <span class='ocrx_word' id='word_1_207' title='bbox 1129 2828 1305 2910; x_wconf 89' lang='lat' dir='ltr'>sequentis</span> <span class='ocrx_word' id='word_1_208' title='bbox 1323 2855 1381 2900; x_wconf 67' lang='lat' dir='ltr'>aa</span> 
     </span>
     <span class='ocr_line' id='line_1_29' title="bbox 183 2914 1305 3000; baseline 0.002 -24"><span class='ocrx_word' id='word_1_209' title='bbox 183 2914 373 2997; x_wconf 81' lang='lat' dir='ltr'>placentini</span> <span class='ocrx_word' id='word_1_210' title='bbox 401 2916 537 2993; x_wconf 91' lang='lat' dir='ltr'>minuti,</span> <span class='ocrx_word' id='word_1_211' title='bbox 562 2915 622 2998; x_wconf 91' lang='lat' dir='ltr'>qui</span> <span class='ocrx_word' id='word_1_212' title='bbox 645 2916 809 2980; x_wconf 90' lang='lat' dir='ltr'>dicuntur</span> <span class='ocrx_word' id='word_1_213' title='bbox 831 2915 1030 2998; x_wconf 86' lang='lat' dir='ltr'>quarteroli,</span> <span class='ocrx_word' id='word_1_214' title='bbox 1056 2917 1091 2979; x_wconf 87' lang='lat' dir='ltr'>et</span> <span class='ocrx_word' id='word_1_215' title='bbox 1114 2915 1305 3000; x_wconf 88' lang='lat' dir='ltr'>placentini</span> 
     </span>
     <span class='ocr_line' id='line_1_30' title="bbox 183 2998 1305 3107; baseline 0.001 -40"><span class='ocrx_word' id='word_1_216' title='bbox 183 3005 301 3087; x_wconf 88' lang='lat' dir='ltr'>grossi,</span> <span class='ocrx_word' id='word_1_217' title='bbox 337 3025 483 3087; x_wconf 91' lang='lat' dir='ltr'>quorum</span> <span class='ocrx_word' id='word_1_218' title='bbox 513 3004 661 3107; x_wconf 84' lang='lat' dir='ltr'>quilibet</span> <span class='ocrx_word' id='word_1_219' title='bbox 690 3004 803 3068; x_wconf 78' lang='lat' dir='ltr'>valete</span> <span class='ocrx_word' id='word_1_220' title='bbox 838 3025 897 3068; x_wconf 87' lang='lat' dir='ltr'>sex</span> <span class='ocrx_word' id='word_1_221' title='bbox 928 2998 1119 3087; x_wconf 88' lang='lat' dir='ltr'>den[ari0s],</span> <span class='ocrx_word' id='word_1_222' title='bbox 1157 3005 1199 3069; x_wconf 92' lang='lat' dir='ltr'>de</span> <span class='ocrx_word' id='word_1_223' title='bbox 1235 3005 1305 3088; x_wconf 89' lang='lat' dir='ltr'>pla-</span> 
     </span>
    </p>

    <p class='ocr_par' dir='ltr' id='par_1_13' title="bbox 137 3092 1108 3176">
     <span class='ocr_line' id='line_1_31' title="bbox 137 3092 1108 3176; baseline 0.003 -22"><span class='ocrx_word' id='word_1_224' title='bbox 137 3115 165 3154; x_wconf 81' lang='lat' dir='ltr'>co</span> <span class='ocrx_word' id='word_1_225' title='bbox 183 3093 331 3156; x_wconf 88' lang='lat' dir='ltr'>centinis</span> <span class='ocrx_word' id='word_1_226' title='bbox 353 3093 539 3170; x_wconf 85' lang='lat' dir='ltr'>veteribus,</span> <span class='ocrx_word' id='word_1_227' title='bbox 564 3093 624 3176; x_wconf 91' lang='lat' dir='ltr'>qui</span> <span class='ocrx_word' id='word_1_228' title='bbox 647 3093 749 3157; x_wconf 91' lang='lat' dir='ltr'>modo</span> <span class='ocrx_word' id='word_1_229' title='bbox 773 3096 864 3167; x_wconf 86' lang='lat' dir='ltr'>sunt,</span> <span class='ocrx_word' id='word_1_230' title='bbox 889 3092 977 3157; x_wconf 82' lang='lat' dir='ltr'>facti</span> <span class='ocrx_word' id='word_1_231' title='bbox 999 3093 1108 3158; x_wconf 82' lang='lat' dir='ltr'>fuere.</span> 
     </span>
    </p>

    <p class='ocr_par' dir='ltr' id='par_1_14' title="bbox 183 3180 1303 3354">
     <span class='ocr_line' id='line_1_32' title="bbox 290 3180 1303 3264; baseline 0.003 -21"><span class='ocrx_word' id='word_1_232' title='bbox 290 3180 343 3245; x_wconf 92' lang='lat' dir='ltr'>De</span> <span class='ocrx_word' id='word_1_233' title='bbox 373 3182 494 3246; x_wconf 90' lang='lat' dir='ltr'>eodem</span> <span class='ocrx_word' id='word_1_234' title='bbox 529 3201 646 3246; x_wconf 89' lang='lat' dir='ltr'>mense</span> <span class='ocrx_word' id='word_1_235' title='bbox 676 3184 785 3264; x_wconf 87' lang='lat' dir='ltr'>porte,</span> <span class='ocrx_word' id='word_1_236' title='bbox 821 3180 955 3245; x_wconf 89' lang='lat' dir='ltr'>scilicet</span> <span class='ocrx_word' id='word_1_237' title='bbox 989 3184 1090 3264; x_wconf 86' lang='lat' dir='ltr'>porta</span> <span class='ocrx_word' id='word_1_238' title='bbox 1126 3182 1169 3246; x_wconf 93' lang='lat' dir='ltr'>de</span> <span class='ocrx_word' id='word_1_239' title='bbox 1191 3181 1303 3246; x_wconf 90' lang='lat' dir='ltr'>Puteo</span> 
     </span>
     <span class='ocr_line' id='line_1_33' title="bbox 183 3262 1302 3354; baseline 0.001 -23"><span class='ocrx_word' id='word_1_240' title='bbox 183 3262 371 3332; x_wconf 72' lang='lat' dir='ltr'>Fulbertcf</span> <span class='ocrx_word' id='word_1_241' title='bbox 398 3274 434 3336; x_wconf 88' lang='lat' dir='ltr'>et</span> <span class='ocrx_word' id='word_1_242' title='bbox 464 3272 564 3354; x_wconf 90' lang='lat' dir='ltr'>porta</span> <span class='ocrx_word' id='word_1_243' title='bbox 595 3271 637 3333; x_wconf 93' lang='lat' dir='ltr'>de</span> <span class='ocrx_word' id='word_1_244' title='bbox 668 3269 786 3332; x_wconf 84' lang='lat' dir='ltr'>Strata</span> <span class='ocrx_word' id='word_1_245' title='bbox 808 3269 948 3346; x_wconf 86' lang='lat' dir='ltr'>Levata,</span> <span class='ocrx_word' id='word_1_246' title='bbox 980 3271 1118 3351; x_wconf 89' lang='lat' dir='ltr'>incepte</span> <span class='ocrx_word' id='word_1_247' title='bbox 1148 3270 1302 3333; x_wconf 81' lang='lat' dir='ltr'>fuerunt.</span> 
     </span>
    </p>

    <p class='ocr_par' dir='ltr' id='par_1_15' title="bbox 182 3356 1420 3512">
     <span class='ocr_line' id='line_1_34' title="bbox 289 3356 1302 3432; baseline 0.001 -13"><span class='ocrx_word' id='word_1_248' title='bbox 289 3358 355 3419; x_wconf 76' lang='lat' dir='ltr'>Ing</span> <span class='ocrx_word' id='word_1_249' title='bbox 373 3359 515 3423; x_wconf 87' lang='lat' dir='ltr'>civitate</span> <span class='ocrx_word' id='word_1_250' title='bbox 531 3358 650 3421; x_wconf 86' lang='lat' dir='ltr'>Laude</span> <span class='ocrx_word' id='word_1_251' title='bbox 666 3356 900 3432; x_wconf 87' lang='lat' dir='ltr'>MCCXVIII,</span> <span class='ocrx_word' id='word_1_252' title='bbox 920 3358 1111 3421; x_wconf 91' lang='lat' dir='ltr'>indictione</span> <span class='ocrx_word' id='word_1_253' title='bbox 1127 3357 1208 3432; x_wconf 83' lang='lat' dir='ltr'>VII,</span> <span class='ocrx_word' id='word_1_254' title='bbox 1226 3358 1302 3420; x_wconf 89' lang='lat' dir='ltr'>XV</span> 
     </span>
     <span class='ocr_line' id='line_1_35' title="bbox 182 3444 1420 3512; baseline 0.002 -3"><span class='ocrx_word' id='word_1_255' title='bbox 182 3446 238 3510; x_wconf 90' lang='lat' dir='ltr'>die</span> <span class='ocrx_word' id='word_1_256' title='bbox 272 3447 399 3510; x_wconf 87' lang='lat' dir='ltr'>mensis</span> <span class='ocrx_word' id='word_1_257' title='bbox 429 3446 633 3512; x_wconf 87' lang='lat' dir='ltr'>Novembris</span> <span class='ocrx_word' id='word_1_258' title='bbox 661 3445 936 3510; x_wconf 87' lang='lat' dir='ltr'>Mediolanenses</span> <span class='ocrx_word' id='word_1_259' title='bbox 971 3449 1007 3509; x_wconf 88' lang='lat' dir='ltr'>et</span> <span class='ocrx_word' id='word_1_260' title='bbox 1036 3444 1233 3509; x_wconf 87' lang='lat' dir='ltr'>Placentini</span> <span class='ocrx_word' id='word_1_261' title='bbox 1267 3449 1303 3510; x_wconf 88' lang='lat' dir='ltr'>et</span> <span class='ocrx_word' id='word_1_262' title='bbox 1322 3469 1376 3512; x_wconf 71' lang='lat' dir='ltr'>aa</span> <span class='ocrx_word' id='word_1_263' title='bbox 1387 3470 1420 3512; x_wconf 71' lang='grc' dir='ltr'>ιι.</span> 
     </span>
    </p>

    <p class='ocr_par' dir='ltr' id='par_1_16' title="bbox 80 3533 1302 3708">
     <span class='ocr_line' id='line_1_36' title="bbox 136 3533 1302 3618; baseline 0.002 -21"><span class='ocrx_word' id='word_1_264' title='bbox 136 3556 163 3597; x_wconf 81' lang='grc' dir='ltr'>ιι</span> <span class='ocrx_word' id='word_1_265' title='bbox 181 3554 299 3599; x_wconf 89' lang='lat' dir='ltr'>omnes</span> <span class='ocrx_word' id='word_1_266' title='bbox 323 3535 383 3598; x_wconf 89' lang='lat' dir='ltr'>alii</span> <span class='ocrx_word' id='word_1_267' title='bbox 407 3536 449 3599; x_wconf 91' lang='lat' dir='ltr'>de</span> <span class='ocrx_word' id='word_1_268' title='bbox 473 3555 591 3600; x_wconf 89' lang='lat' dir='ltr'>eorum</span> <span class='ocrx_word' id='word_1_269' title='bbox 621 3538 720 3618; x_wconf 90' lang='lat' dir='ltr'>parte</span> <span class='ocrx_word' id='word_1_270' title='bbox 742 3535 945 3598; x_wconf 89' lang='lat' dir='ltr'>iuraverunt</span> <span class='ocrx_word' id='word_1_271' title='bbox 969 3533 1163 3599; x_wconf 88' lang='lat' dir='ltr'>attendere</span> <span class='ocrx_word' id='word_1_272' title='bbox 1188 3538 1223 3599; x_wconf 91' lang='lat' dir='ltr'>et</span> <span class='ocrx_word' id='word_1_273' title='bbox 1247 3535 1302 3599; x_wconf 90' lang='lat' dir='ltr'>cb</span> 
     </span>
     <span class='ocr_line' id='line_1_37' title="bbox 70 3611 1303 3708; baseline 0.001 -22.008"><span class='ocrx_word' id='word_1_274' title='bbox 70 3611 105 3662; x_wconf 70' lang='lat'><em>²</em></span> <span class='ocrx_word' id='word_1_275' title='bbox 114 3613 161 3655; x_wconf 74' lang='lat'>⁴⁸⁷</span> <span class='ocrx_word' id='word_1_276' title='bbox 181 3643 315 3688; x_wconf 90' lang='lat' dir='ltr'>servare</span> <span class='ocrx_word' id='word_1_277' title='bbox 339 3628 503 3708; x_wconf 87' lang='lat' dir='ltr'>precepta</span> <span class='ocrx_word' id='word_1_278' title='bbox 526 3623 657 3688; x_wconf 91' lang='lat' dir='ltr'>domini</span> <span class='ocrx_word' id='word_1_279' title='bbox 673 3621 889 3701; x_wconf 83' lang='lat' dir='ltr'>cardinalis1‚</span> <span class='ocrx_word' id='word_1_280' title='bbox 914 3623 1023 3705; x_wconf 86' lang='lat' dir='ltr'>legati</span> <span class='ocrx_word' id='word_1_281' title='bbox 1044 3623 1168 3686; x_wconf 92' lang='lat' dir='ltr'>summi</span> <span class='ocrx_word' id='word_1_282' title='bbox 1192 3624 1303 3707; x_wconf 91' lang='lat' dir='ltr'>ponti-</span> 
     </span>
    </p>
   </div>
   <div class='ocr_carea' id='block_1_3' title="bbox 133 3783 1302 4220">
    <p class='ocr_par' dir='ltr' id='par_1_17' title="bbox 179 3783 1302 3953">
     <span class='ocr_line' id='line_1_38' title="bbox 179 3783 1302 3899; baseline -0.001 -11"><span class='ocrx_word' id='word_1_283' title='bbox 179 3794 204 3898; x_wconf 67' lang='lat' dir='ltr'>t}</span> <span class='ocrx_word' id='word_1_284' title='bbox 216 3796 808 3899; x_wconf 60' lang='lat' dir='ltr'>ter,tetutsrrrttstatra</span> <span class='ocrx_word' id='word_1_285' title='bbox 826 3797 998 3897; x_wconf 65' lang='lat' dir='ltr'>„erran</span> <span class='ocrx_word' id='word_1_286' title='bbox 1008 3783 1302 3898; x_wconf 42' lang='lat' dir='ltr'>mutitatis</span> 
     </span>
     <span class='ocr_line' id='line_1_39' title="bbox 180 3902 1302 3953; baseline 0 -12"><span class='ocrx_word' id='word_1_287' title='bbox 180 3904 208 3941; x_wconf 83' lang='lat' dir='ltr'>ob</span> <span class='ocrx_word' id='word_1_288' title='bbox 222 3905 294 3942; x_wconf 78' lang='lat' dir='ltr'>ecdem</span> <span class='ocrx_word' id='word_1_289' title='bbox 308 3904 486 3942; x_wconf 69' lang='lat' dir='ltr'>verecudiam</span> <span class='ocrx_word' id='word_1_290' title='bbox 501 3905 629 3952; x_wconf 51' lang='lat' dir='ltr'>adamanta</span> <span class='ocrx_word' id='word_1_291' title='bbox 647 3903 710 3942; x_wconf 74' lang='lat' dir='ltr'>nulla</span> <span class='ocrx_word' id='word_1_292' title='bbox 729 3903 809 3941; x_wconf 75' lang='lat' dir='ltr'>lacuna</span> <span class='ocrx_word' id='word_1_293' title='bbox 826 3904 880 3945; x_wconf 71' lang='lat' dir='ltr'>inc.</span> <span class='ocrx_word' id='word_1_294' title='bbox 962 3902 983 3953; x_wconf 90' lang='lat' dir='ltr'>e)</span> <span class='ocrx_word' id='word_1_295' title='bbox 1004 3903 1084 3944; x_wconf 71' lang='lat' dir='ltr'>mend</span> <span class='ocrx_word' id='word_1_296' title='bbox 1098 3902 1137 3944; x_wconf 85' lang='lat' dir='ltr'>H.-</span> <span class='ocrx_word' id='word_1_297' title='bbox 1139 3903 1191 3950; x_wconf 80' lang='lat' dir='ltr'>Br.,·</span> <span class='ocrx_word' id='word_1_298' title='bbox 1209 3903 1302 3944; x_wconf 81' lang='lat' dir='ltr'>relata</span> 
     </span>
    </p>

    <p class='ocr_par' dir='ltr' id='par_1_18' title="bbox 133 3933 1302 4220">
     <span class='ocr_line' id='line_1_40' title="bbox 133 3933 1302 4008; baseline -0.001 -14"><span class='ocrx_word' id='word_1_299' title='bbox 133 3933 630 4008; x_wconf 70' lang='lat' dir='ltr'>40qee10h‚doMussn;rulbertoo.al</span> <span class='ocrx_word' id='word_1_300' title='bbox 643 3957 708 3996; x_wconf 81' lang='lat' dir='ltr'>Galo.</span> <span class='ocrx_word' id='word_1_301' title='bbox 722 3957 857 3999; x_wconf 78' lang='lat' dir='ltr'>Flammae.</span> <span class='ocrx_word' id='word_1_302' title='bbox 866 3955 912 3998; x_wconf 71' lang='lat'>262</span> <span class='ocrx_word' id='word_1_303' title='bbox 975 3955 998 4006; x_wconf 75' lang='lat' dir='ltr'>g)</span> <span class='ocrx_word' id='word_1_304' title='bbox 1016 3957 1108 3995; x_wconf 80' lang='lat' dir='ltr'>fuerunt</span> <span class='ocrx_word' id='word_1_305' title='bbox 1121 3955 1202 3995; x_wconf 85' lang='lat' dir='ltr'>inolv.</span> <span class='ocrx_word' id='word_1_306' title='bbox 1217 3953 1302 4004; x_wconf 79' lang='lat' dir='ltr'>Laude,</span> 
     </span>
     <span class='ocr_line' id='line_1_41' title="bbox 178 3985 1302 4060; baseline -0.002 -12"><span class='ocrx_word' id='word_1_307' title='bbox 178 4014 373 4060; x_wconf 65' lang='lat' dir='ltr'>sequentemque</span> <span class='ocrx_word' id='word_1_308' title='bbox 391 4012 465 4049; x_wconf 70' lang='lat' dir='ltr'>littera</span> <span class='ocrx_word' id='word_1_309' title='bbox 483 4011 567 4049; x_wconf 68' lang='lat' dir='ltr'>initiali</span> <span class='ocrx_word' id='word_1_310' title='bbox 580 4011 602 4049; x_wconf 85' lang='lat' dir='ltr'>M</span> <span class='ocrx_word' id='word_1_311' title='bbox 616 4011 639 4048; x_wconf 82' lang='lat' dir='ltr'>{n</span> <span class='ocrx_word' id='word_1_312' title='bbox 657 4020 745 4049; x_wconf 81' lang='lat' dir='ltr'>numero</span> <span class='ocrx_word' id='word_1_313' title='bbox 764 4010 825 4058; x_wconf 71' lang='lat' dir='ltr'>anni,</span> <span class='ocrx_word' id='word_1_314' title='bbox 843 4019 899 4059; x_wconf 77' lang='lat' dir='ltr'>quae</span> <span class='ocrx_word' id='word_1_315' title='bbox 917 4010 982 4048; x_wconf 76' lang='lat' dir='ltr'>verba</span> <span class='ocrx_word' id='word_1_316' title='bbox 1000 4009 1023 4048; x_wconf 87' lang='lat' dir='ltr'>in</span> <span class='ocrx_word' id='word_1_317' title='bbox 1042 4010 1085 4051; x_wconf 83' lang='lat' dir='ltr'>civ.</span> <span class='ocrx_word' id='word_1_318' title='bbox 1099 4009 1132 4058; x_wconf 68' lang='lat' dir='ltr'>L,</span> <span class='ocrx_word' id='word_1_319' title='bbox 1153 4009 1176 4046; x_wconf 77' lang='lat' dir='ltr'>tn</span> <span class='ocrx_word' id='word_1_320' title='bbox 1190 3985 1302 4057; x_wconf 60' lang='lat' dir='ltr'>archetypi</span> 
     </span>
     <span class='ocr_line' id='line_1_42' title="bbox 178 4037 1301 4114; baseline 0 -14"><span class='ocrx_word' id='word_1_321' title='bbox 178 4065 279 4112; x_wconf 69' lang='lat' dir='ltr'>maraine</span> <span class='ocrx_word' id='word_1_322' title='bbox 289 4065 443 4112; x_wconf 71' lang='lat' dir='ltr'>proculdubio</span> <span class='ocrx_word' id='word_1_323' title='bbox 453 4065 543 4114; x_wconf 54' lang='lat' dir='ltr'>compta</span> <span class='ocrx_word' id='word_1_324' title='bbox 559 4064 658 4103; x_wconf 74' lang='lat' dir='ltr'>altoloco</span> <span class='ocrx_word' id='word_1_325' title='bbox 668 4064 849 4112; x_wconf 61' lang='lat' dir='ltr'>{mandarunt</span> <span class='ocrx_word' id='word_1_326' title='bbox 863 4066 949 4112; x_wconf 75' lang='lat' dir='ltr'>utpcat</span> <span class='ocrx_word' id='word_1_327' title='bbox 962 4062 1101 4105; x_wconf 80' lang='lat' dir='ltr'>Novembris.</span> <span class='ocrx_word' id='word_1_328' title='bbox 1124 4037 1188 4103; x_wconf 63' lang='lat' dir='ltr'>dale.</span> <span class='ocrx_word' id='word_1_329' title='bbox 1198 4062 1301 4100; x_wconf 78' lang='lat' dir='ltr'>Flamma</span> 
     </span>
     <span class='ocr_line' id='line_1_43' title="bbox 178 4091 1301 4181; baseline -0.001 -26"><span class='ocrx_word' id='word_1_330' title='bbox 178 4117 251 4160; x_wconf 63' lang='lat' dir='ltr'>am</span> <span class='ocrx_word' id='word_1_331' title='bbox 269 4117 325 4155; x_wconf 77' lang='lat' dir='ltr'>huno</span> <span class='ocrx_word' id='word_1_332' title='bbox 342 4118 412 4156; x_wconf 79' lang='lat' dir='ltr'>locum</span> <span class='ocrx_word' id='word_1_333' title='bbox 431 4118 477 4156; x_wconf 78' lang='lat' dir='ltr'>iam</span> <span class='ocrx_word' id='word_1_334' title='bbox 493 4120 526 4156; x_wconf 74' lang='lat' dir='ltr'>ito</span> <span class='ocrx_word' id='word_1_335' title='bbox 542 4121 566 4155; x_wconf 75' lang='lat' dir='ltr'>ut</span> <span class='ocrx_word' id='word_1_336' title='bbox 583 4118 606 4155; x_wconf 76' lang='grc' dir='ltr'>ιἰι</span> <span class='ocrx_word' id='word_1_337' title='bbox 624 4121 698 4156; x_wconf 74' lang='lat' dir='ltr'>nostro</span> <span class='ocrx_word' id='word_1_338' title='bbox 717 4117 764 4159; x_wconf 84' lang='lat' dir='ltr'>cod</span> <span class='ocrx_word' id='word_1_339' title='bbox 782 4091 886 4165; x_wconf 58' lang='lat' dir='ltr'>scriplum</span> <span class='ocrx_word' id='word_1_340' title='bbox 905 4117 963 4166; x_wconf 68' lang='lat' dir='ltr'>legit,</span> <span class='ocrx_word' id='word_1_341' title='bbox 982 4117 1034 4166; x_wconf 79' lang='lat' dir='ltr'>quio</span> <span class='ocrx_word' id='word_1_342' title='bbox 1052 4116 1153 4164; x_wconf 75' lang='lat' dir='ltr'>scripsit:</span> <span class='ocrx_word' id='word_1_343' title='bbox 1173 4113 1301 4181; x_wconf 75' lang='lat' dir='ltr'>Laudemus</span> 
     </span>
     <span class='ocr_line' id='line_1_44' title="bbox 178 4174 458 4220; baseline 0.011 -12"><span class='ocrx_word' id='word_1_344' title='bbox 178 4174 309 4220; x_wconf 80' lang='lat' dir='ltr'>portam..</span> <span class='ocrx_word' id='word_1_345' title='bbox 323 4176 458 4220; x_wconf 74' lang='lat' dir='ltr'>,ceperunt</span> 
     </span>
    </p>
   </div>
   <div class='ocr_carea' id='block_1_4' title="bbox 11 3899 790 4657">
    <p class='ocr_par' dir='ltr' id='par_1_19' title="bbox 11 3899 782 4657">
     <span class='ocr_line' id='line_1_45' title="bbox 11 3899 16 3930; baseline 0 0"><span class='ocrx_word' id='word_1_346' title='bbox 11 3899 16 3930; x_wconf 72' lang='lat' dir='ltr'>l</span> 
     </span>
     <span class='ocr_line' id='line_1_46' title="bbox 13 4310 790 4518; baseline 0.003 -155.997"><span class='ocrx_word' id='word_1_347' title='bbox 13 4310 638 4518; x_wconf 55' lang='grc' dir='ltr'>ι151)Ηιιιμιιιιέ(Προῖιίιί)11)ιίοορί</span> <span class='ocrx_word' id='word_1_348' title='bbox 656 4311 790 4367; x_wconf 68' lang='lat' dir='ltr'>Ostienses.</span> 
     </span>
     <span class='ocr_line' id='line_1_47' title="bbox 14 4526 18 4587; baseline 0 0"><span class='ocrx_word' id='word_1_349' title='bbox 14 4526 18 4587; x_wconf 94' lang='grc'>1</span> 
     </span>
     <span class='ocr_line' id='line_1_48' title="bbox 15 4598 20 4657; baseline 0 0"><span class='ocrx_word' id='word_1_350' title='bbox 15 4598 20 4657; x_wconf 81' lang='grc' dir='ltr'>Ι</span> 
     </span>
    </p>
   </div>
   <div class='ocr_carea' id='block_1_5' title="bbox 0 0 1560 4856">
    <p class='ocr_par' dir='ltr' id='par_1_20' title="bbox 0 0 1560 4856">
     <span class='ocr_line' id='line_1_49' title="bbox 0 0 1560 4856; baseline 0 0"><span class='ocrx_word' id='word_1_351' title='bbox 0 0 1560 4856; x_wconf 95' lang='lat' dir='ltr'> </span> 
     </span>
    </p>
   </div>
  </div>
 </body>
</html>
