3118 4840
309 251 500 307 IOHANNIS
519 252 766 308 eonsensum
783 253 963 310 ANNALES
982 254 1018 309 Α.
1032 258 1109 312 1208.
1130 259 1207 312 1209.
1283 259 1318 312 31

198 437 402 518 equitantes
434 441 582 501 exeunte
609 458 725 501 mense
750 437 944 520 Septembri
968 437 1317 520 proxim01quadam
1337 427 1443 546 ἑξρθὲῃ

196 525 271 590 vice
287 525 424 590 scilenti
440 530 542 590 nocte
555 526 750 590 Brixienses
763 529 798 590 et
811 525 1086 590 Mediolanenses
1103 526 1146 590 ad
1159 527 1317 591 Pontem·
1442 501 1461 546 )’

197 614 310 677 vicum
341 614 554 692 accedentes,
590 615 761 678 fossatum
791 635 925 697 quoque
956 615 1063 698 ipsius
1093 615 1162 678 loci
1192 616 1317 680 armati

197 707 426 780 transeuntes,
458 703 573 768 locum
603 703 703 767 illum
736 704 935 768 habuerunt
958 707 993 767 et
1017 707 1193 787 ceperunt.
1241 704 1317 770 Ore·

161 815 174 854 a
198 812 376 856 monenses
392 812 471 856 vero
488 793 600 875 quiin
616 793 774 857 custodia
788 792 896 876 ipsius
913 791 981 856 loci
996 793 1150 870 aderant,
1173 814 1316 859 numero

199 879 312 945 0000
342 880 471 944 milites
502 885 537 945 et
567 882 711 964 pedites,
737 881 852 945 Brixie
883 881 993 945 victos
1024 881 1198 946 duxerunt
1222 882 1316 946 etin

197 990 332 1034 carcere
354 970 581 1034 recluserunt.

303 1057 522 1136 MOOVIIII,
536 1059 727 1123 indictione
739 1059 823 1138 XII,
841 1057 1039 1144 patriarcha
1051 1059 1315 1142 Aquilegiensis,
1335 1072 1413 1126 1209.

197 1147 328 1210 domini
340 1146 490 1224 Ottonis,
506 1149 598 1232 regis
610 1149 853 1224 Romanorum,
871 1147 1016 1230 legatus,
1035 1168 1150 1212 mense
1166 1147 1316 1232 Aprilis·²

152 1261 178 1298 ιο
195 1238 232 1298 in
256 1236 488 1300 Lonbardiam
517 1238 613 1302 venit
643 1258 705 1320 pro
735 1237 958 1301 sacramentis
988 1236 1168 1300 fidelitatis
1198 1236 1316 1320 recipi·
1334 1257 1427 1306 (naa.)

196 1326 328 1402 endis&
346 1347 412 1408 que
425 1326 700 1390 Mediolanenses
713 1327 823 1408 primo
835 1326 958 1401 fecere,
976 1329 1096 1409 postea
1107 1325 1316 1409 Papienses3
1335 1346 1390 1395 aar.

197 1418 232 1479 et
248 1414 444 1478 Placentini
460 1419 496 1479 et
513 1415 773 1492 Cremonensem
800 1414 925 1479 deinde
949 1414 1146 1498 patriarcha
1163 1414 1315 1478 Brixiam

195 1504 338 1586 perexit,
364 1525 483 1586 pacem
508 1507 543 1568 et
567 1504 784 1568 concordiam
808 1504 900 1568 inter
923 1503 1051 1567 milites
1068 1503 1218 1567 eiusdem
1237 1503 1315 1567 civi·
1335 1525 1459 1574 macr).

195 1592 289 1670 tatis,
314 1593 373 1675 qui
397 1593 439 1656 de
463 1593 538 1676 ipsa
554 1592 694 1657 civitate
719 1593 873 1656 exierant
896 1595 932 1656 et
955 1592 1014 1674 qui
1038 1591 1181 1656 cottidie
1204 1592 1315 1675 ipsam

151 1705 177 1743 a
196 1681 374 1745 civitatem
405 1703 482 1746 cum
514 1681 802 1746 Cremonensibus
831 1681 1094 1764 impugnabant,
1130 1681 1189 1763 qui
1223 1681 1315 1764 ipsos

196 1769 325 1834 milites
336 1771 620 1847 manutenebant,
633 1769 855 1834 sacramentis
868 1769 1050 1846 firmavit⁴;
1069 1768 1315 1834 Cremonenses

78 1885 116 1934 ep.
127 1885 175 1926 425.
196 1879 339 1942 quoque,
357 1879 442 1942 quos
458 1859 524 1944 ipsi
540 1859 583 1923 de
600 1858 741 1922 civitate
757 1851 886 1923 victosb
903 1861 938 1922 et
955 1857 1120 1922 *reclusos
1135 1859 1313 1936 tenebant,

196 1949 238 2012 de
277 1969 413 2012 carcere
452 1949 610 2012 extraxit.
669 1946 745 2026 Quo
783 1948 878 2011 facto
917 1947 1098 2010 voluntate
1136 1948 1314 2011 ambarum

195 2037 346 2120 partium
363 2036 540 2101 dominum
558 2035 876 2102 Ottonem·bonum
897 2036 939 2100 de
957 2036 1067 2100 Ianua
1084 2036 1122 2098 in
1140 2040 1314 2120 potestate

150 2151 177 2188 20
195 2127 302 2209 ipsius
326 2126 477 2190 civitatis
501 2126 617 2209 elegit.

302 2215 431 2278 Eodem
463 2236 563 2291 anno,
598 2214 653 2278 die
677 2215 820 2279 Veneris
850 2213 975 2275 XIIII.
1007 2213 1133 2277 mensis
1163 2214 1315 2295 Augusti
1335 2234 1391 2282 Aa.
1402 2236 1435 2274 14.

196 2303 354 2366 dominus
379 2303 473 2378 Otto,
497 2304 729 2366 Romanorum
752 2321 822 2379 rex,
854 2301 964 2385 primo
995 2302 1138 2365 intravit
1167 2303 1204 2363 in
1228 2302 1314 2365 Lon·

197 2392 350 2454 bardiam
367 2413 445 2455 cum
461 2412 587 2474 magna
598 2391 911 2455 Theothonioorum
929 2390 1158 2473 expedItione,
1175 2391 1313 2473 quando

194 2480 337 2543 Romam
362 2481 528 2563 pergebat
552 2501 613 2562 pro
638 2479 779 2543 *corona
803 2479 1013 2562 accipienda,
1046 2483 1081 2542 et
1110 2482 1313 2544 castramen-
1333 2499 1417 2546 rasae.

149 2593 175 2631 25
194 2572 290 2632 tatus
312 2568 383 2631 fuit
405 2571 442 2632 in
470 2569 627 2652 partibus
651 2568 835 2632 Pischerie.
882 2567 1013 2632 Milites
1043 2575 1179 2650 quoque
1202 2590 1223 2631 a
1246 2589 1313 2632 ree·

193 2656 328 2721 toribus
358 2659 626 2740 uniuscuiusque
657 2657 808 2721 civitatis
839 2660 875 2720 et
906 2677 926 2720 a
956 2657 1139 2720 comitibus
1170 2660 1206 2721 ct
1230 2679 1313 2720 mar-

194 2746 375 2810 chionibus
400 2747 594 2810 Lonbardie
619 2747 730 2831 petiit,
760 2746 818 2849 qui
843 2766 958 2810 secum
981 2746 1123 2809 Romam
1149 2747 1312 2811 accedere

194 2835 374 2910 deberent;
408 2840 443 2900 et
465 2838 550 2899 tunc
573 2835 802 2900 Placentini
793 2857 830 2897 m
853 2835 1071 2918 expeditione
1095 2835 1224 2900 milites
1246 2839 1312 2900 tre-

193 2924 310 3006 ginta⁰
339 2925 495 3009 expensis
520 2925 709 2988 communis
733 2928 950 3008 perexerunt

148 3039 174 3076 co
300 3013 430 3077 Eodem
446 3034 537 3077 anno
554 3015 596 3078 de
614 3034 728 3078 mense
745 3013 908 3077 Ianuario
920 3013 1115 3077 Placentini
1131 3012 1312 3095 elegerunt
1331 3000 1410 3110 ῙὲηῙΟ·

192 3104 228 3164 in
245 3105 418 3185 potestate
435 3102 610 3166 dominum
625 3103 775 3165 Drutum
790 3101 1030 3165 Marcellinum
1047 3103 1089 3166 de
1102 3102 1311 3165 Mediolano.

284 3191 428 3255 Ilodem
453 3212 553 3267 anne,
579 3191 634 3253 die
659 3191 830 3253 dominico
855 3194 977 3272 quarto
1001 3190 1127 3253 mensis
1150 3188 1311 3253 Octubris
1331 3167 1409 3277 02)οῗ

192 3280 348 3362 proximi,
387 3280 577 3343 indictione
615 3279 719 3352 XIII,
759 3279 917 3341 dominus
956 3277 1040 3342 Otto
1078 3278 1311 3341 Romanorum

191 3369 379 3452 imperator
395 3389 520 3452 magna
536 3389 613 3431 cum
631 3366 745 3430 letitia
761 3388 781 3429 a
796 3367 934 3430 domino
948 3366 1162 3442 innocentia,
1179 3385 1311 3429 summo

89 3462 91 3470 '
147 3483 173 3521 aa
193 3457 365 3540 pontifice,
391 3457 427 3518 in
446 3457 602 3520 Romana
621 3457 761 3519 civitate
780 3455 850 3517 fuit
870 3457 1069 3530 coronatus,
1095 3474 1163 3536 qua
1186 3475 1311 3518 corona

192 3546 314 3609 habita
348 3550 383 3610 et
419 3549 561 3628 accepta
595 3545 685 3608 idem
721 3545 909 3628 imperator
943 3564 1004 3626 per
1038 3543 1180 3626 longum
1212 3543 1311 3606 stetit

191 3640 329 3718 tempus
353 3655 413 3718 per
435 3634 593 3698 Tusciam
618 3636 653 3698 et
676 3632 948 3716 Romagniolam.

192 3829 213 3872 a)
227 3828 309 3866 emend.
323 3825 419 3872 H.-13r.;
434 3825 546 3874 replendis
560 3823 716 3874 (reperiendis)
730 3835 747 3865 a.
817 3823 840 3874 b)
854 3825 893 3862 hoc
907 3825 952 3862 loco
966 3825 1061 3871 fortasse
1074 3824 1162 3864 vinctos
1176 3825 1310 3862 scribendum

191 3885 228 3929 eat,
244 3884 266 3918 at
280 3881 344 3918 semei
360 3880 395 3921 ‘M
410 3875 498 3917 Archic'
512 3879 577 3927 XVI,
588 3891 615 3927 p.
625 3879 671 3918 332.
727 3880 747 3927 c)
760 3879 791 3916 sic
804 3888 822 3916 c.

146 4034 174 4072 so
194 4025 219 4088 1)
239 4021 317 4073 Diem
338 4021 394 4089 (23)
414 4022 627 4084 reformatricis.
647 4021 728 4075 Bria.
746 4037 774 4087 p.
787 4022 855 4088 8163
874 4021 910 4084 cf.
929 4022 1001 4074 Ana.
1022 4021 1141 4073 Cromen.
1204 4017 1230 4087 2)
1250 4019 1311 4069 Iam

192 4109 277 4145 mensa
286 4093 389 4144 Marcio
400 4093 549 4144 Mediolani
562 4092 713 4156 Wolfiaerus
722 4093 805 4156 fuisse
813 4093 932 4153 videtum
944 4092 1007 4157 ch.
1017 4092 1086 4156 Imp.
1098 4091 1128 4154 V,
1138 4106 1181 4144 nr.
1191 4092 1277 4144 12336
1284 4106 1309 4144 α.

191 4166 220 4228 3)
245 4163 347 4230 Papiae
369 4165 426 4228 fait
444 4165 514 4229 Apr.
526 4165 558 4226 2,·
582 4163 646 4216 ibid.
665 4179 708 4217 ar.
724 4165 818 4218 12337.
927 4164 954 4229 4)
978 4163 1041 4214 Vide
1059 4167 1163 4213 cariam
1181 4161 1312 4227 Wolfpcri

191 4235 284 4286 datam
301 4236 370 4301 Apr.
384 4237 427 4298 21,
448 4233 556 4286 Odorici
573 4234 589 4286 l.
609 4235 627 4285 l.
647 4235 708 4299 VII,
725 4251 755 4300 p.
768 4237 810 4288 43.
