3112 4856
242 309 278 364 68
362 303 553 360 IOHANNIS
572 303 819 359 CODAGNELLI
838 303 1021 358 ANNALES
1040 303 1075 359 A.
1090 307 1167 361 1218.
1189 307 1266 362 1219.

146 496 222 550 1218.
242 490 326 567 ficis,
356 509 460 573 super
483 508 568 572 pace
591 487 662 552 sive
691 491 841 570 treugua
868 489 1093 572 conponenda
1119 489 1213 553 inter
1236 489 1364 554 Medio·

148 641 150 648 .
242 579 400 643 lanensss
424 580 460 642 et
478 576 699 640 Placentinos
723 580 759 640 et
783 597 880 640 suam
903 580 1038 660 partem
1062 580 1097 641 et
1117 576 1363 642 Cremonenses

122 693 182 736 (ner.
193 692 224 740 2).
243 671 279 733 et
290 668 502 732 Parmenses.
538 666 653 729 Primo
669 665 817 729 introitu
830 666 984 729 eiusdem
1000 665 1363 732 monsis1iuraverunr

243 757 423 821 attendere
454 758 489 819 et
519 755 699 819 observare
729 757 893 838 precepta
923 755 1055 819 domini
1086 755 1271 820 cardinalis
1300 777 1362 840 pro

242 845 398 929 predicto
421 845 525 908 facto.
1391 883 1406 908 ο

146 925 223 978 12¹9·
349 932 583 1008 MCCXVIIL
618 932 810 996 indictione
833 932 914 1010 VII,
950 953 1067 996 mense
1102 932 1258 996 Ianuarii
1288 933 1362 996 Pla·

174 995 224 1036 ’Μ’
244 1022 375 1087 centini
409 1022 590 1104 elegerunt
622 1021 660 1084 in
694 1023 903 1104 potestatem
938 1025 974 1086 et
1006 1025 1177 1086 rectorem
1211 1023 1362 1086 civitatis

243 1110 421 1176 Placentia
452 1111 629 1175 dominum
663 1108 857 1174 Guidonem
888 1111 930 1174 de
954 1110 1056 1174 Busti
1086 1110 1129 1175 de
1152 1111 1361 1175 Mediolano.

350 1200 406 1264 Ad
429 1199 589 1263 notitiam
622 1220 661 1264 ac
685 1199 884 1263 memoriam
909 1197 1184 1263 Christianorum
1209 1200 1362 1263 omnium

243 1289 438 1373 pervenisse
467 1287 669 1352 nullatenus
699 1287 908 1366 dubitamus,
942 1289 1002 1352 sed
1032 1288 1203 1371 liquidum
1233 1289 1362 1372 pariter
1384 1316 1410 1353 ιο

244 1380 280 1443 et
317 1377 541 1441 manifestum
579 1377 738 1440 omnibus
775 1376 872 1441 forea
910 1375 1151 1441 indubitanter
1188 1379 1360 1462 putamus,

243 1466 394 1550 qualiter
412 1485 496 1549 gens
515 1465 746 1529 transmarina
761 1487 824 1549 pro
843 1466 1035 1529 animarum
1051 1459 1190 1530 eorumb
1209 1467 1361 1550 redemp-

244 1556 339 1620 tione
369 1575 431 1638 pro
454 1555 559 1619 Terra
588 1555 716 1618 Sancta
745 1554 974 1618 ultramarina
1003 1576 1024 1617 a
1054 1555 1213 1619 manibus
1243 1558 1361 1618 sancte

244 1644 354 1708 crucis
388 1644 605 1708 inimicorum
640 1643 802 1720 liberare,
842 1643 1029 1708 defendere
1063 1665 1102 1707 ac
1137 1646 1361 1708 manutenere

243 1732 363 1796 multis
386 1732 548 1816 periculis
570 1732 741 1816 variisque
771 1732 948 1796 laboribus
971 1736 1053 1796 sunt
1076 1733 1229 1797 astricti⁰
1258 1732 1361 1816 pluri-
1382 1757 1410 1796 rs

244 1842 406 1904 mumque
439 1821 582 1905 fatigati
592 1822 613 1883 2.
672 1819 827 1904 Cumque
865 1821 902 1883 in
937 1822 1110 1904 presentia
1145 1823 1267 1885 horum
1301 1842 1361 1886 rex

138 1932 168 1974 ⁶.
205 1939 222 1971 ο.
243 1909 568 1984 Ierosolimitanus³‚
586 1910 638 1972 vir
653 1910 821 1992 egregius,
838 1931 961 1992 magne
979 1909 1074 1974 *fidei
1086 1915 1122 1974 et
1134 1910 1360 1987 discretionis

243 1998 406 2081 providus
437 2002 472 2062 et
503 1998 680 2074 discretus,
713 2002 816 2080 atque
845 1999 941 2063 urbis
970 1999 1125 2063 Romane
1155 1998 1362 2063 cardinalis4

244 2087 367 2151 eximie
389 2087 584 2151 nobilitatis
612 2092 647 2151 et
670 2087 855 2171 prudentie
878 2109 956 2151 cum
980 2088 1058 2152 aliis
1080 2089 1162 2151 viris
1185 2088 1361 2152 nobilibus

244 2180 279 2241 et
303 2176 527 2260 potentibus5
549 2181 653 2258 atque
677 2197 755 2239 cum
780 2176 874 2239 omni
897 2177 1050 2241 exercitu
1074 2175 1359 2254 Christianorum,
1380 2203 1410 2240 so

244 2266 363 2348 quiin
386 2265 514 2328 auxilio
534 2265 660 2329 Sancte
679 2265 782 2329 Terre
806 2265 1096 2348 proficiscebatur,
1121 2266 1158 2328 in
1182 2265 1360 2330 obsidione

246 2349 426 2418 Damiate‘l
453 2375 515 2438 per
537 2355 623 2418 duos
653 2374 761 2419 annos
785 2359 821 2418 et
844 2357 993 2437 quatuor
1016 2374 1148 2418 menses
1171 2355 1359 2431 stetissent,

244 2443 372 2507 auxilio
403 2444 534 2507 domini
563 2443 673 2507 nostri
697 2443 778 2508 Iesu
802 2441 932 2507 Christi
961 2444 998 2506 in
1030 2443 1213 2508 millesimo
1238 2443 1361 2507 dueen-

140 2555 225 2596 anc.
244 2532 366 2596 tesimo
390 2533 523 2596 decimo
547 2553 639 2596 nono
663 2532 705 2596 de
729 2551 845 2596 mense
861 2531 1080 2610 Novembrio,
1105 2533 1142 2595 in
1159 2533 1251 2597 festo
1268 2531 1362 2596 beati

243 2621 415 2685 Leonardi
439 2621 568 2684 dictam
592 2621 768 2685 civitatem
792 2624 959 2704 ceperunt
982 2623 1017 2684 et
1040 2621 1149 2705 ipsam
1170 2624 1205 2685 et
1221 2624 1361 2685 centum
1381 2645 1411 2683 aa

243 2711 399 2774 homines
408 2709 430 2786 ⁶,
461 2709 520 2792 qui
549 2709 586 2771 in
617 2730 657 2773 ea
679 2709 825 2773 aderant
849 2709 999 2787 civitate,
1030 2731 1107 2774 cum
1132 2709 1291 2773 omnibus
1314 2709 1361 2772 di·

241 2798 339 2862 viciis
363 2801 398 2862 et
420 2798 523 2863 rebus
546 2797 754 2861 habuerunt.

218 2938 223 2949 .
349 2885 544 2962 MCCXIX,
572 2886 762 2951 indictione
785 2886 908 2963 nona⁷‚
940 2888 983 2950 de
1013 2907 1129 2952 mense
1152 2886 1362 2951 Novembrio

243 2975 438 3038 Placentini
467 2975 505 3037 in
535 2974 637 3058 pleno
669 2975 830 3038 conscilio
855 2975 900 3038 ad
923 2996 1123 3058 campanam
1149 2976 1281 3040 colecto
1305 2976 1362 3039 do-

242 3064 374 3126 minum
404 3057 616 3146 A[ndalum]‚
648 3063 798 3127 civitatis
822 3064 977 3129 Bononie
1007 3065 1117 3128 virum
1149 3064 1302 3129 nobilem
1326 3069 1362 3128 et
1381 3089 1411 3128 ao

243 3151 458 3236 prudentem,
494 3152 531 3214 in
563 3154 771 3236 potestatem
805 3153 996 3237 elegerunt.
1051 3153 1096 3216 Et
1130 3175 1171 3218 eo
1205 3157 1360 3237 tempore

241 3241 334 3305 inter
349 3241 515 3325 populum
532 3244 567 3305 et
583 3241 735 3305 eiusdem
752 3242 903 3305 civitatis
920 3242 1048 3307 milites
1060 3246 1202 3327 propter
1213 3242 1361 3326 quedam

242 3329 362 3413 populi
386 3329 539 3413 capitula
561 3330 683 3413 ingens
707 3331 815 3395 crevit
839 3331 977 3407 sedicio,
1009 3352 1075 3414 que
1104 3334 1254 3396 rectores
1282 3331 1361 3394 civi-

242 3519 265 3571 a)
286 3520 318 3559 sio
331 3520 412 3572 (ierim
430 3531 471 3562 om.
485 3531 503 3562 o.
578 3517 601 3570 b)
622 3524 748 3560 nostrarum
762 3521 877 3560 Gestorum
891 3523 935 3562 rod.
950 3521 1031 3570 Parin,
1049 3523 1086 3560 ssd
1100 3523 1127 3570 cf.
1141 3521 1178 3565 (Ν.
1192 3518 1281 3560 Arehio'
1295 3521 1361 3570 XVI,

239 3585 263 3622 p.
273 3573 319 3624 289,
329 3584 352 3613 n.
362 3575 380 3613 1.
422 3576 442 3622 c)
456 3574 487 3614 sio
500 3574 547 3615 cod.
555 3573 601 3616 Est,
614 3573 741 3622 Castorum
755 3575 874 3616 astructio.
884 3579 903 3614 et
912 3575 1026 3613 aaronem
1036 3577 1082 3617 cod.
1092 3576 1166 3617 Paris.
1208 3575 1230 3622 d)
1242 3573 1334 3614 unicis
1344 3585 1361 3616 o.
1379 3574 1410 3614 35

244 3715 271 3784 1)
291 3715 466 3781 deoqnettnc
483 3717 608 3783 opinatus
624 3721 662 3768 eet
677 3731 704 3767 so
715 3732 801 3783 snpra
813 3718 950 3784 smipsisso
961 3714 1057 3772 XVII.
1071 3715 1135 3771 Kal.
1148 3715 1360 3769 Decembris

240 3802 292 3854 pro
310 3784 374 3841 XV.
394 3785 438 3838 die
457 3786 556 3838 mensis
574 3783 746 3840 Novembris.
779 3787 822 3851 Cf.
841 3793 931 3838 cartas
949 3787 1027 3839 datas
1045 3789 1105 3842 Deo.
1118 3791 1151 3856 23
1170 3789 1233 3854 Rea.
1246 3787 1359 3854 Impl',

241 3873 284 3912 nr.
300 3860 394 3913 12553.
413 3863 437 3909 a
462 3859 540 3912 6318.
561 3859 784 3912 12544—12550.
875 3859 902 3924 2)
931 3859 1004 3911 Haeo
1028 3859 1065 3911 ad
1088 3860 1195 3910 acrbirm
1220 3860 1277 3923 fera
1301 3874 1360 3911 cam

238 3929 411 3994 praefatione
425 3929 563 3980 Gestorum
575 3929 719 3980 obsidionis
731 3930 876 3981 Damiatae
884 3929 1017 3981 Iohannis
1027 3931 1181 3995 Codaonolti
1191 3931 1359 3990 conveniant;

242 4000 276 4063 cf.
297 3999 341 4056 ‘N,
354 3998 465 4050 Archio’
483 3998 565 4064 XVI,
581 4016 610 4065 p.
624 4001 677 4054 288
689 4016 727 4066 sq.
788 4001 815 4066 3)
833 4000 973 4054 Iohannes.
1032 4003 1060 4070 4)
1082 4001 1206 4067 Pelopiae
1224 4003 1360 4068 episcopas
1377 4011 1412 4049 ao

242 4071 410 4124 attanensis.
490 4071 517 4135 5)
538 4085 587 4122 rex
602 4069 804 4137 -potentibus
818 4074 915 4140 paneis
932 4074 1043 4124 mutatis
1060 4074 1139 4125 initio
1159 4073 1297 4124 Castorum
1316 4071 1361 4123 ot-

242 4141 355 4193 eidionis
373 4142 516 4193 Domiatao
535 4141 690 4207 Codaqnclti
706 4149 860 4197 recurrant.
950 4143 977 4210 6)
1006 4143 1089 4195 Nihil
1107 4144 1204 4210 kpitar
1223 4144 1252 4195 in
1273 4143 1360 4195 Castis

242 4212 395 4278 Codaynclti
420 4212 451 4264 da
477 4227 588 4263 numero
615 4213 752 4264 hominum
780 4213 925 4266 Damintno
951 4219 1104 4282 captorum,
1135 4230 1250 4281 quornm
1273 4214 1360 4282 ptura

241 4284 326 4351 initia,
345 4289 375 4334 at
393 4298 481 4335 omncs
498 4287 639 4350 testantur,
658 4285 777 4348 fuorunt.
850 4286 878 4352 7)
901 4284 997 4338 Octava
1010 4287 1111 4352 potins.
