3118 4840
420 293 611 350 IOHANNIS
628 291 876 350 CODAGNMLLI
894 291 1076 348 surmus
1093 293 1129 350 A.
1143 296 1220 350 1200.
1340 297 1375 350 27

260 498 376 543 secum
399 477 637 544 Mediolanum
660 479 769 544 victos
792 478 965 542 duxerunt
995 480 1031 543 et
1053 478 1091 541 in
1113 497 1248 542 carcere
1270 477 1474 543 melu-1200.

260 569 390 632 serunt.

367 655 434 722 Die
449 656 574 720 Martis
589 656 660 720 ΙΙΙ.
678 656 756 720 Kal.
773 655 868 719 Iunii
890 655 1037 739 proximi
1059 655 1234 739 sequentis
1249 655 1377 721 milites
1397 682 1453 720 aar
1462 681 1495 723 ao.

262 748 298 810 et
327 745 462 830 pedites
492 745 535 810 de
565 745 677 811 tribus
706 745 816 829 portis
838 744 1050 809 Mediolani¹
1079 765 1157 808 cum
1184 745 1319 810 carocio
1342 749 1379 810 et

226 853 239 892 s
262 854 341 899 cunr
366 834 563 899 hominibus
581 834 694 917 Seprii
717 837 753 899 et
768 833 970 898 Martexane
992 833 1212 899 intraverunt
1233 838 1318 899 tunc
1341 835 1377 898 in

261 927 390 989 terram
413 923 583 1007 Pergami,
607 927 644 988 et
666 926 751 987 tunc
775 923 1020 987 destruxerunt
1043 921 1234 1005 Cologium,
1258 923 1378 987 Risum

151 1033 242 1083 *erra
262 1014 298 1076 et
321 1011 390 1076 alia
412 1033 516 1097 quam
539 1012 690 1096 plurima
712 1012 789 1076 loca
803 1011 1100 1095 Pergamensium;
1127 1010 1266 1076 *deinde
1281 1031 1379 1076 vene·

261 1103 345 1164 runt
366 1101 404 1164 in
426 1101 583 1185 partibus
600 1101 829 1167 Curtis-nove
852 1104 888 1165 et
904 1099 1087 1178 Guisalbc;
1112 1104 1148 1166 et
1170 1103 1254 1164 tunc
1272 1100 1379 1164 Brixi-

263 1210 360 1255 enses
376 1211 453 1254 cum
470 1190 604 1255 carocio
623 1193 660 1255 et
678 1211 756 1255 cum
776 1190 870 1254 omni
884 1189 1013 1254 virtute
1033 1210 1149 1254 eornm
1165 1189 1380 1254 transierunt

218 1299 245 1337 ιο
263 1277 389 1364 Ogiurn
420 1279 463 1343 de
493 1283 599 1364 ponte
629 1280 673 1344 de
695 1278 882 1343 Rudiliano
906 1281 942 1343 et
965 1279 1010 1342 ad
1032 1279 1204 1362 quendam
1227 1282 1378 1363 pontem,

263 1388 362 1450 quem
387 1369 545 1433 fecerant
567 1369 659 1433 inter
674 1368 814 1432 Urzium
832 1370 868 1432 et
883 1367 1083 1444 Suneinum,
1108 1371 1144 1431 et
1161 1367 1380 1431 intraverunt

263 1477 342 1520 cum
364 1457 681 1522 Mediolanensibus
705 1455 757 1519 *in
780 1456 983 1520 commitatu
1007 1455 1174 1521 Cremone
1197 1459 1233 1521 et
1256 1460 1380 1521 eastra·
1398 1476 1487 1527 uu».

263 1547 410 1610 mentati
443 1546 588 1611 fuerunt
622 1545 714 1610 circa
743 1545 944 1610 Suneinum.
996 1545 1063 1610 Die
1097 1549 1215 1610 autem
1236 1545 1380 1611 Veneris

263 1655 355 1699 nono
385 1635 512 1700 mensis
542 1635 636 1698 Iunii
669 1634 758 1698 illud
793 1637 943 1699 castrum
973 1635 1217 1699 destruxerunt
1245 1638 1282 1699 et
1305 1655 1380 1699 con·
1399 1658 1481 1699 aas.

220 1744 246 1782 1⁵
264 1724 454 1789 buserunt²
487 1727 523 1788 et
555 1724 645 1787 illud
680 1744 758 1788 cum
793 1723 904 1787 tribus
940 1724 1120 1806 manganis
1150 1727 1186 1788 et
1214 1722 1380 1808 predariis

263 1815 415 1898 quinque
438 1815 744 1898 manganaverunt
776 1816 812 1877 et
840 1813 1000 1878 lecerunt
1028 1811 1078 1877 ibi
1108 1812 1182 1877 fieri
1210 1811 1381 1876 mirabilia

263 1903 504 1979 instrumenta,
516 1923 594 1967 cum
606 1901 730 1985 quibus
741 1902 873 1967 dictum
884 1904 1034 1965 castrum
1045 1901 1171 1966 habere
1184 1900 1379 1984 sperabant.

264 1993 311 2055 Et
340 1993 422 2055 dum
452 1992 517 2056 hec
547 1991 640 2075 apud
664 1991 853 2055 Suneinnm
883 1995 1061 2075 geruntur,
1086 1990 1282 2054 Placentini
1306 2011 1381 2054 con·

264 2081 432 2146 buserunt
462 2080 623 2144 Soarcam
654 2083 691 2144 et
721 2080 902 2145 castellum
927 2079 1076 2144 Buscedi
1106 2082 1142 2144 et
1170 2079 1283 2143 multa
1312 2078 1381 2146 alia

220 2191 246 2228 ro
264 2170 341 2234 loca
363 2168 656 2234 Cremonensium.
694 2169 777 2232 Viso
808 2172 843 2233 et
873 2168 1012 2251 cognito
1044 2189 1065 2231 a
1088 2168 1322 2232 Brixiensibus
1345 2171 1381 2232 et

264 2257 592 2334 Mediolanensibus,
628 2258 720 2341 quod
755 2258 949 2340 predictum
979 2255 1093 2320 locum
1128 2257 1281 2339 pervim
1310 2278 1381 2320 non

265 2349 426 2430 poterant
450 2346 587 2422 habere,
619 2366 639 2409 a
662 2346 818 2429 predicto
847 2345 924 2410 loco
948 2345 1003 2409 die
1019 2344 1163 2410 Veneris
1185 2366 1277 2409 nono
1301 2346 1380 2410 Kal.
1401 2368 1494 2412 ruera

266 2435 349 2498 Iulii
371 2434 617 2500 secesseruntl.
663 2435 710 2497 Et
739 2438 822 2499 tunc
847 2432 1093 2499 Cremonenses
1123 2436 1382 2499 castramentati

265 2527 366 2588 erant
388 2524 485 2587 iuxta
507 2526 659 2587 castrum
675 2522 861 2587 Zovenoldi
884 2543 963 2587 cum
985 2523 1120 2587 carocio
1143 2526 1272 2587 etcum
1288 2525 1382 2588 omni

221 2632 248 2671 rs
265 2613 395 2677 virtute
426 2633 542 2677 eorum
574 2616 610 2677 et
640 2632 716 2676 cum
748 2611 917 2677 militibus
944 2615 979 2676 et
1003 2612 1177 2695 peditibus
1200 2611 1323 2678 Parme
1346 2617 1382 2677 et

266 2723 345 2766 cnm
375 2702 469 2765 omni
495 2702 626 2766 virtute
657 2721 775 2766 eorum
807 2704 843 2765 et
873 2721 951 2764 cum
981 2700 1150 2764 militibus
1180 2701 1316 2766 Mutine
1347 2705 1382 2766 et

265 2791 375 2874 Regii.

372 2878 534 2944 Predicta
562 2899 643 2943 vero
674 2879 729 2943 die
752 2879 895 2944 Veneris
924 2900 1016 2943 nono
1039 2877 1119 2942 Kal.
1144 2879 1227 2942 Iulii
1254 2879 1382 2943 milites
1401 2900 1491 2941 ruera.

266 2971 301 3032 et
324 2968 458 3052 pedites
482 2969 524 3032 de
547 2971 696 3052 quatuor
711 2969 842 3051 portis4
857 2968 977 3033 Sancti
992 2968 1130 3033 Andree
1145 2968 1378 3033 obsedebant⁸

221 3079 248 3117 ro
264 3059 406 3121 turrem.
453 3055 530 3120 Hoc
565 3057 652 3121 scito
687 3078 708 3120 a
738 3057 1035 3134 Cremonensibus,
1071 3057 1189 3120 statim
1223 3057 1382 3121 tentoriis

264 3147 358 3228 apud
380 3145 613 3210 Zovenoldum
635 3145 767 3210 relictis
790 3167 892 3229 quam
923 3147 1025 3210 eitius
1055 3148 1244 3229 potuerunt
1265 3165 1382 3210 versus

267 3233 470 3298 Cremonam
493 3234 672 3298 redierunt
696 3238 732 3298 et
753 3234 839 3299 illue
866 3235 928 3298 ubi
954 3235 1065 3298 nostri
1094 3235 1239 3298 aderant
1267 3254 1382 3298 cucur-

265 3326 395 3400 rerunt,
421 3323 463 3386 de
487 3322 611 3406 quibus
635 3323 744 3406 portis
766 3344 837 3387 non
861 3324 1005 3388 aderant
1027 3324 1065 3385 in
1082 3323 1145 3386 illa
1166 3322 1382 3405 expeditione

267 3431 325 3475 sex
348 3415 488 3475 centum
512 3410 639 3476 milites
654 3432 719 3476 nec
736 3411 821 3476 CCL
837 3411 988 3496 pedites;
1013 3412 1105 3495 apud
1126 3432 1228 3494 quam
1251 3415 1383 3476 turrem

222 3524 248 3564 es
267 3500 353 3564 dicti
377 3499 622 3565 Cremonenses
645 3493 701 3564 etl
730 3501 930 3566 Parmenses
960 3503 996 3565 et
1018 3501 1147 3565 Bezani
1176 3500 1383 3565 invenerunt

266 3695 288 3741 a)
301 3692 333 3730 stc
346 3702 363 3735 c,
418 3691 441 3739 b)
454 3692 580 3740 mendam
596 3691 675 3734 lnven.
690 3695 713 3731 et
726 3691 800 3736 Parm.
814 3696 837 3732 ar
850 3692 904 3736 Rea.
918 3695 1005 3732 nostros
1017 3703 1034 3735 c.

267 3853 294 3915 1)
314 3852 387 3916 Quae
409 3859 463 3904 tres
484 3857 577 3919 ponae
595 3852 751 3903 indicuntur
769 3854 800 3903 tn
817 3854 888 3906 Anu.
908 3852 1017 3906 Mediol.
1035 3855 1099 3906 min.
1116 3871 1144 3920 p.
1157 3855 1222 3920 397;
1249 3853 1285 3916 cs.
1305 3853 1383 3906 Mem.

266 3923 374 3978 Medici.
388 3941 419 3991 p.
431 3925 493 3978 400.
554 3924 583 3988 2)
599 3922 672 3974 Nota
690 3924 752 3975 tenc
768 3923 815 3975 hoc
833 3923 894 3988 loco,
918 3940 1000 3990 quom
1021 3925 1075 3974 vim
1093 3924 1207 3976 habeant
1225 3923 1384 3988 Codcyndb

266 3994 345 4047 verta
370 3993 509 4048 destruere
534 4001 558 4047 et
583 3993 753 4048 comburere.
843 3996 872 4061 3)
901 3994 1068 4047 Obsidioncm
1086 3996 1197 4047 Soneini
1219 3994 1384 4060 reliquerunt

222 4081 249 4118 rc
266 4065 480 4130 mecummet,
498 4080 559 4117 cum
575 4066 699 4132 reliquus
715 4067 847 4118 maedus
863 4081 955 4118 corum
972 4066 1015 4118 die
1032 4065 1094 4119 Ian.
1104 4068 1148 4120 20.
1166 4065 1241 4132 apud
1252 4065 1349 4117 Roaate
1367 4081 1383 4115 a

267 4136 443 4202 Papienaitus
460 4137 576 4189 aarum
592 4143 664 4191 meet.
696 4137 782 4202 Qucum
793 4137 894 4190 cladem
906 4137 1085 4203 Commodius
1100 4137 1204 4189 silentio
1218 4139 1383 4203 praeterivit.

268 4206 310 4271 Cf.
329 4209 402 4262 Anu.
423 4207 543 4261 Cremon.
561 4215 585 4260 et
602 4208 714 4260 Sioordr'
730 4207 824 4275 Cron.;
848 4209 920 4262 Ana.
939 4208 1021 4262 Bria.
1037 4224 1066 4274 p.
1080 4210 1141 4263 815.
1222 4209 1250 4273 4)
1275 4207 1384 4258 Placen-

267 4279 394 4332 tinorum.
