3118 4840
177 277 212 330 00
297 271 487 327 IOHANNIS
506 272 752 327 CODAGNELLI
770 273 1097 331 nannetensem.
1118 279 1195 332 1217.

79 463 158 516 1216.
178 458 222 520 ad
246 457 376 522 exitum
399 456 523 520 fossati
550 456 715 532 inierunt,
751 460 787 522 et
817 457 861 521 ab
892 462 1038 541 utraque
1068 461 1166 542 parte
1197 459 1297 524 valde

178 548 363 630 pugnatur.
390 541 679 610 'Innumerabiles
696 546 834 628 quidem
851 547 894 610 de
910 547 994 630 ipsis
1010 546 1297 612 Cremonensibus

178 636 322 699 fuerunt
345 634 534 712 vulnerati;
566 633 694 697 milites
717 654 798 698 vero
822 638 975 699 mortuos
1000 639 1036 700 61
1058 637 1239 701 semivivos
1263 640 1298 702 61

74 744 160 792 *assa
178 724 215 787 in
238 744 359 807 campo
390 727 426 786 et
454 723 492 785 in
520 722 718 788 nemoribus
741 723 939 788 vulneratos
954 721 956 725 ’
969 728 1111 808 propter
1135 725 1297 790 *calorem

178 812 389 895 nimiumque
413 811 565 877 laborem
590 811 818 894 relinquere⁸‚
848 813 1033 878 destrarios
1063 818 1099 878 et
1123 835 1227 897 equos
1250 815 1335 878 iri-a

178 900 410 964 numerabiles
449 901 486 963 in
523 901 598 984 ipso
637 900 729 965 bello
768 902 1003 985 perdiderunt,
1047 906 1083 967 et
1120 903 1299 968 interfecti

177 990 331 1054 fuerunt.
376 989 509 1053 Audito
533 989 681 1054 clamore
704 989 789 1054 belli
812 991 855 1054 ab
879 991 949 1054 illis
972 992 1032 1074 qui
1055 993 1297 1074 precedebant,

178 1079 296 1140 statim
325 1099 386 1162 per
415 1099 556 1142 nemora
586 1082 622 1142 61
652 1078 728 1142 loca
758 1079 895 1144 deserta
923 1081 1100 1164 fugientes
1130 1082 1299 1164 usquein

179 1167 355 1231 civitatem
373 1166 540 1232 Cremona
562 1167 682 1250 fugam
705 1167 897 1232 fecerunt1.
937 1168 980 1232 In
1004 1190 1045 1234 eo
1069 1174 1186 1234 autem
1206 1170 1298 1235 bello

179 1256 272 1338 capti
294 1256 439 1319 fuerunt
463 1256 506 1319 de
530 1254 817 1320 Cremonensibus
841 1258 932 1321 circa
954 1258 1024 1322 XX
1047 1259 1185 1323 milites.
1318 1285 1344 1322 ιο

104 1365 159 1414 sepi.
285 1342 477 1421 MCCXVI,
494 1345 732 1420 indictioneV,
750 1366 866 1410 mense
879 1346 1090 1431 Septembris
1102 1347 1298 1412 Placentini

179 1433 359 1516 elegerunt
381 1433 417 1495 in
442 1436 615 1515 potestate
639 1434 817 1497 dominum
832 1435 1093 1500 Laniranchum
1117 1437 1159 1500 de
1176 1437 1298 1501 Ponte·

180 1519 319 1584 Carario
350 1521 394 1585 de
417 1521 543 1598 Brixia,
575 1523 634 1605 qui
665 1543 705 1586 eo
736 1544 827 1587 anno
858 1525 1034 1589 civitatem
1059 1524 1174 1590 Brixie
1196 1525 1296 1590 rexit,

80 1617 158 1669 1217.
285 1604 523 1686 mooxvssa
554 1611 744 1676 indictione
761 1612 801 1689 V,
832 1612 928 1676 facta
963 1617 1015 1677 est
1050 1635 1116 1697 pax
1151 1616 1187 1678 61
1221 1634 1298 1678 con-

180 1699 296 1762 cordia
331 1703 366 1762 et
398 1701 621 1764 sacramentis
657 1701 792 1764 firmata
825 1702 916 1766 inter
951 1702 1227 1767 Mediolanenses
1262 1705 1297 1767 et
1318 1729 1343 1766 15

178 1787 398 1852 Placentinos
415 1791 451 1852 61
467 1809 564 1851 suam
580 1792 715 1872 partem
731 1793 766 1853 et
783 1789 967 1873 Papienses
984 1797 1019 1855 et
1035 1812 1132 1854 suam
1150 1792 1298 1874 partem²

179 1879 295 1960 preter
318 1875 573 1953 Cremonenses,
605 1880 641 1941 et
672 1877 736 1941 hoc
764 1878 834 1941 tuit
858 1882 974 1942 actum
997 1880 1034 1943 in
1058 1881 1199 1944 civitate
1223 1880 1297 1944 Pla-

58 1988 115 2025 666
125 1965 292 2044 iacentia
315 1965 353 2026 in
369 1964 503 2047 palacio
519 1966 674 2029 eiusdem
690 1967 841 2030 civitatis
857 1968 894 2030 in
910 1968 984 2032 diec
1007 1968 1171 2033 Mercurii
1186 1969 1296 2053 pridie

178 2053 259 2116 Kal.
283 2052 387 2115 Iunii.

81 2166 160 2207 rear.
286 2141 352 2205 Die
376 2142 539 2206 Mercurii
569 2144 727 2226 sequenti
761 2143 895 2208 levatus
930 2149 965 2210 et
1001 2146 1131 2211 electus
1161 2147 1231 2209 fait
1260 2147 1297 2209 in
1316 2174 1344 2212 eo

180 2230 378 2312 episcopum
394 2231 572 2296 Placentia
597 2233 756 2296 dominus
773 2233 946 2298 Iohannes
966 2235 1009 2298 de
1025 2235 1298 2299 Ρ61616-11616163

180 2319 222 2382 (16
261 2319 402 2444 61111616
435 2320 553 2397 Rome,
593 2321 827 2386 vicedominus
866 2323 1005 2387 maioris
1044 2324 1187 2388 ecclesie
1222 2324 1297 2387 Pla·

179 2410 316 2471 centine
344 2455 352 2469 .

78 2512 158 2552 zuar.
286 2497 352 2561 Die
376 2498 540 2562 Mercurii
562 2498 643 2561 VII.
676 2499 828 2563 eiusdem
859 2501 985 2564 mensis
1016 2501 1111 2564 Iunii
1134 2501 1297 2566 Mediola-

179 2605 299 2649 nenses
324 2589 501 2650 extraxere
524 2587 619 2650 foras
642 2588 824 2665 carocium,
856 2589 893 2651 in
920 2593 1049 2653 terram
1080 2591 1296 2654 inimicorum
1316 2616 1343 2656 ss

179 2694 297 2737 eorum
321 2673 603 2739 Cremonensium
626 2677 764 2758 publice
795 2680 831 2741 et
861 2678 974 2760 palam
1003 2679 1039 2740 in
1064 2680 1225 2744 contione
1247 2679 1297 2743 ire

67 2778 118 2819 lun.
127 2777 161 2820 20.
180 2764 372 2826 statuentes
382 2763 404 2824 4.
451 2764 517 2827 Die
547 2783 627 2828 vero
658 2764 780 2829 Martis
811 2765 916 2828 XII.e
945 2767 1024 2830 Kal.
1056 2768 1140 2831 Iulii
1170 2768 1297 2832 Medio-

180 2850 252 2912 lani
275 2851 451 2935 potestas5
474 2855 509 2916 et
533 2853 704 2916 carocium
729 2855 904 2918 civitatem
917 2855 1107 2920 Mediolani
1128 2857 1296 2934 exierunt,

178 2959 296 3002 versus
319 2943 447 3004 terram
472 2940 753 3006 Cremonensium
777 2963 918 3026 pergere
942 2949 1165 3028 properantes
1175 2945 1196 3006 ⁶.

179 3095 201 3142 6)
215 3094 246 3132 616
260 3105 290 3142 6,)
310 3094 627 3145 616,21,1.5.ρ.25,1,17,
689 3097 712 3144 b)
733 3096 852 3141 MCCIIVI.
866 3109 896 3147 6,,-
915 3099 978 3140 Galo.
993 3100 1104 3149 Flamma,
1125 3101 1208 3150 Manip.
1223 3101 1297 3143 6250.
1317 3105 1344 3144 00

179 3158 206 3186 aa
224 3149 357 3196 saonensibus
371 3150 400 3187 aa
415 3150 506 3192 (6.1217,
520 3151 627 3199 quomam
640 3151 760 3199 exscripsit.
828 3153 849 3199 c)
862 3153 1050 3202 emend.11‘.·Br.;
1063 3155 1106 3197 civ.
1121 3152 1194 3204 pridie
1208 3165 1238 3202 e.,·
1253 3155 1297 3196 clv.

180 3198 217 3239 die
231 3201 300 3243 Perta.
354 3198 378 3252 d)
399 3203 462 3251 place
476 3214 493 3246 e.
526 3230 528 3234 .
547 3205 567 3252 6)
582 3205 662 3246 emend.
675 3204 768 3253 Η.-Βν,,·
787 3205 868 3248 ΧΧΙΙΙ.
882 3217 901 3248 e.

182 3316 207 3381 1)
230 3317 270 3368 De
288 3317 338 3369 bac
354 3335 448 3386 paona
466 3320 518 3372 soli
540 3320 689 3372 Tolosanas
706 3335 726 3374 c.
743 3323 803 3387 151,
822 3323 871 3387 qni
887 3321 968 3372 dicit:
986 3324 1084 3374 neutra
1102 3338 1165 3389 pars
1182 3322 1256 3390 vicit,
1276 3327 1298 3374 61

182 3387 254 3442 Cant.
269 3389 387 3456 Sioardi,
401 3390 448 3442 nti
458 3407 512 3442 non
529 3391 628 3442 dictam
646 3398 683 3443 est
702 3407 759 3443 eam
777 3394 895 3458 sapaenti
912 3393 954 3443 die
968 3399 1029 3459 post
1043 3395 1178 3458 proelium
1196 3395 1298 3458 factam

180 3473 244 3524 esse,
271 3461 400 3525 quaedam
425 3463 546 3515 tradant.
589 3463 630 3514 De
653 3462 770 3526 flosculis
795 3465 927 3515 orationis
953 3463 1173 3530 Codaynellianae
1190 3480 1299 3531 praae-
1317 3476 1344 3516 so

180 3529 266 3580 dentis
285 3531 335 3582 loci
357 3532 415 3583 aide
433 3533 477 3586 ‘M
497 3533 608 3584 Archio'
626 3533 706 3598 XVI,
722 3550 751 3601 p.
764 3535 825 3588 277.
844 3536 905 3592 295.
996 3535 1023 3600 2)
1048 3535 1091 3599 Cf.
1111 3541 1201 3586 cartas
1219 3537 1298 3586 (16166

181 3598 254 3651 Maii
278 3605 399 3658 10-28,
426 3604 487 3657 Ian.
508 3606 534 3668 3,
560 3605 623 3668 Rea.
643 3604 711 3670 Imp.
730 3605 759 3668 V,
778 3620 821 3658 nr,
842 3606 937 3660 12502.
964 3607 1059 3661 12507.
1150 3609 1177 3674 3)
1207 3607 1298 3658 Petro·

181 3670 278 3722 Leonis
300 3675 399 3740 potiris,
424 3675 499 3738 filias
524 3675 626 3738 fratris
645 3674 777 3727 (luidonis
795 3675 993 3728 Petri-Leonis
1017 3677 1168 3730 cardinalis
1192 3677 1300 3729 diaconi

181 3742 208 3794 S.
220 3743 327 3795 Nicolai
337 3746 367 3795 in
378 3745 488 3798 Caruere
499 3746 637 3810 Tulliano,
654 3746 869 3812 adolescentulas,
883 3749 960 3799 cuins
976 3747 1061 3800 electio
1070 3748 1235 3801 abHonorio
1243 3748 1297 3802 ΙΙΙ.

178 3828 255 3879 papo
279 3821 385 3867 cassato
409 3823 446 3868 est
471 3817 566 3869 littaris
591 3817 663 3868 datis
682 3817 732 3870 Iol.
748 3819 790 3882 14,
809 3818 886 3869 editis
904 3834 922 3869 a
941 3818 1045 3886 Conspi,
1065 3819 1142 3872 ‘Deli'
1160 3819 1222 3873 bist.
1241 3820 1297 3872 6661.
1316 3833 1344 3871 (ο

180 3883 212 3934 (16·
228 3883 369 3938 Piscenza'
388 3887 428 3951 ΙΙ,
444 3905 471 3954 p.
485 3889 547 3954 388,
573 3903 616 3942 nr.
629 3890 677 3956 683
702 3889 824 3940 Parnase
848 3905 892 3943 nr.
905 3892 983 3944 5579.
1073 3892 1101 3957 4)
1131 3891 1299 3954 0666661116

182 3954 368 4011 Cremonenses
387 3960 520 4025 petierant
538 3959 599 4013 Ian.
614 3961 656 4013 17.
675 3976 693 4010 a
710 3959 908 4025 Veronensibus,
934 3965 964 4010 at
990 3963 1020 4012 in
1045 3961 1182 4012 cosiliani
1207 3977 1299 4013 accar-

180 4034 286 4090 rerent;
304 4030 368 4096 Rep.
388 4029 456 4096 Imp.
473 4030 505 4094 V,
523 4032 684 4092 6612508·
703 4031 792 4082 Codes
804 4032 870 4098 dipl,
885 4031 1003 4085 Cremon.
1018 4032 1041 4098 I,
1059 4050 1087 4099 p.
1100 4035 1161 4096 227,
1180 4049 1224 4086 nr.
1237 4035 1298 4087 203.

181 4098 209 4164 5)
235 4100 362 4153 Andelos
388 4101 420 4152 (16
444 4101 562 4153 Andalis
586 4101 771 4159 Bononiensis.
885 4102 914 4170 6)
937 4103 997 4156 Iun.
1022 4104 1065 4156 22.
1092 4103 1300 4156 Mediolanenses

181 4167 309 4221 Addaam
327 4173 426 4236 flamen
443 4174 585 4224 transiisse
595 4173 683 4224 Notae
695 4173 724 4228 8.
738 4173 849 4238 Georyii
864 4190 892 4240 p.
905 4175 966 4228 389.
985 4174 1117 4240 referunt,
1135 4175 1183 4226 ahi
1194 4175 1225 4227 (16
1237 4175 1299 4227 aaa
1318 4188 1344 4226 66

183 4238 396 4295 Ursaonensium
414 4245 499 4309 raptis
516 4259 574 4295 carn
588 4244 743 4310 Codopnelli
759 4243 887 4296 relatione
904 4246 1093 4297 comedentis
1112 4245 1216 4297 tradito
1228 4250 1298 4299 sunt.
