3112 4856
246 200 283 254 84
352 195 543 251 IOHANNIS
562 194 808 250 OODAGNIILLI
825 194 1009 250 Annaeus
1026 195 1063 253 A
1078 200 1263 254 lare-lma

151 360 228 413 1226.
177 381 311 467 Mfice
328 383 364 443 et
380 378 542 443 decenter
556 380 701 443 fuerunt
716 379 857 464 recepti.
887 379 940 444 De
956 400 1073 445 mense
1088 400 1169 445 vero
1185 380 1277 445 Dece

177 429 314 550 Mpax
347 470 383 531 et
418 468 601 530 concordia
633 467 730 530 facta
763 467 833 529 fuit
868 488 929 551 per
963 489 1134 531 summum
1170 470 1365 564 pontimbri

247 556 340 620 inter
362 556 603 638 imperatorem
628 554 696 618 et'
686 574 778 638 1psos
801 553 1035 619 Lonbardosl.
1259 547 1305 605 ¹⁹¹·
1296 599 1362 612 ·--

151 633 229 744 Ῑξξζ·
355 642 586 720 MOGXXVI
622 643 813 708 indictione
848 643 924 719 XV
961 645 1003 708 de
1038 664 1154 708 mense
1190 643 1370 709 Februarii

249 821 292 885 de
315 821 522 897 Landriano,
554 821 662 886 civem
686 820 893 898 Mediolani;
926 821 981 886 die
1005 822 1129 885 Martis
1158 821 1342 884 intravit
1331 842 1370 883 ru

249 909 415 994 regimine
438 911 546 994 ipsius
570 910 732 974 civitatis.
1524 921 1526 958 l

121 1022 230 1065 naama
356 998 422 1064 Die
438 999 531 1063 Iovis
546 999 673 1063 XIIII.
690 997 770 1062 Kal.-
786 997 940 1082 Aprilis²
962 999 1050 1063 obiit
1074 1020 1164 1082 papa
1182 998 1369 1074 Honorius,
1454 1063 1457 1072 ,

250 1090 286 1153 et
309 1087 462 1153 elevatus
485 1088 555 1151 tuit
578 1109 668 1171 papa
691 1085 888 1170 Gregorius,
916 1088 976 1170 qui
999 1091 1074 1152 erat
1096 1091 1182 1152 tunc
1204 1087 1370 1170 temporis

250 1176 435 1241 cardinalis
465 1178 501 1240 et
531 1176 712 1240 dicebatur
734 1176 933 1260 Hugolinus
964 1177 1143 1260 episcopus
1167 1176 1210 1240 de
1233 1176 1369 1240 Hostia.
1392 1199 1420 1238 ro

153 1271 231 1326 1228.
357 1263 605 1328 MOOXXVII.
640 1265 837 1330 Placentini
867 1265 1061 1348 eligerunt*
1094 1265 1131 1329 in
1162 1267 1368 1350 potestatem
1486 1329 1488 1334 ,

250 1358 286 1419 et
308 1357 477 1418 rectorem
499 1354 677 1417 dominum
693 1354 893 1418 Abiaticum
908 1354 1161 1432 Marcellinum,
1185 1354 1298 1418 virum
1313 1374 1370 1416 no
1415 1426 1420 1436 .

134 1465 231 1508 naas.
251 1443 355 1508 bilem
381 1445 416 1506 et
439 1442 646 1526 prudentem
669 1442 764 1506 urbis
788 1443 988 1520 Mediolani,
1016 1443 1077 1526 qui
1099 1446 1221 1507 octavo
1245 1442 1371 1507 mensis

251 1531 371 1594 Martii
394 1531 538 1595 intravit
561 1531 598 1594 iu
621 1532 788 1616 regimine
813 1531 964 1596 civitatis
987 1532 1176 1596 Placentie.

252 1743 312 1808 De
335 1745 499 1808 itinere
522 1745 645 1808 facto
669 1745 719 1808 ab
743 1745 1011 1830 imperatore
1042 1745 1162 1808 ultra
1192 1765 1304 1808 mare
1328 1747 1372 1808 et
1392 1765 1420 1803 rs

148 1832 317 1903 nm‘de
351 1833 668 1897 innumerabili
697 1833 988 1898 multitudine
1022 1835 1212 1898 virorum
1244 1832 1372 1898 belli·

253 1942 397 1985 corum
428 1922 688 1985 coadunati⁸
715 1923 827 2005 apud
853 1916 1181 2000 Brundusiuml,
1213 1922 1372 2005 quibus

409 2010 652 2093 imperator
675 2011 822 2075 noluit
846 2012 947 2076 dare
970 2013 1219 2075 transitum.

359 2151 587 2216 Moexxvl.
623 2152 778 2216 Honorio
808 2174 899 2237 papa
929 2153 1098 2218 existente
1127 2153 1184 2216 in⁰
1217 2152 1371 2228 ecclesia,

253 2240 401 2324 Rogerio
440 2241 604 2305 Federico
643 2241 876 2307 Romanorum
915 2237 1150 2326 imperatore‘1
1191 2245 1422 2325 regnantem

252 2330 383 2393 Eodem
406 2335 562 2414 tempore
585 2351 669 2414 gens
692 2331 924 2395 transmarina
941 2334 976 2396 et
993 2331 1222 2415 Hospitalarii
1244 2329 1373 2394 milites

254 2423 289 2483 et
320 2419 381 2482 alii
411 2418 476 2482 viri
504 2419 638 2483 nobiles
669 2423 704 2484 et
735 2423 894 2504 potentes
924 2424 964 2483 ae
992 2421 1133 2504 perfidis
1162 2419 1306 2544 papanis
1337 2422 1374 2482 et

254 2505 433 2572 Saracenis
463 2508 663 2591 gravissime
686 2509 958 2592 oprimebantur,
990 2509 1209 2573 astrictiones
1236 2559 1244 2584 ,
1268 2527 1373 2590 angn-

254 2597 354 2673 stias,
395 2596 641 2661 tribulationes
683 2601 719 2661 et
753 2598 928 2680 passiones
962 2597 1241 2681 frequentissime
1275 2597 1374 2660 susti-

254 2688 385 2750 nentes.
433 2685 600 2750 Videntes
631 2689 748 2750 autem
782 2687 866 2770 ipsis
899 2687 1057 2751 resistere
1092 2687 1233 2750 minime
1263 2705 1372 2769 posse,
1393 2707 1422 2746 aa

255 2775 508 2839 communicato
543 2775 707 2839 conscilio
741 2776 892 2839 virorum
928 2776 1134 2859 sapientum,
1170 2776 1214 2839 ad
1249 2774 1374 2837 summi

255 2863 428 2946 pontificis
458 2863 665 2946 presentiam
697 2863 831 2947 legatos
860 2864 951 2928 viros
980 2864 1114 2929 nobiles
1145 2867 1180 2928 et
1203 2865 1373 2948 potenteS,

256 2951 397 3014 clericos
421 2955 457 3015 et
479 2952 595 3028 laicos,
621 2952 830 3016 direxerunt.
870 2952 939 3032 Qui
962 2955 1006 3016 ad
1029 2953 1218 3016 Romanam
1244 2953 1374 3016 curiam

256 3040 457 3104 accedentes
489 3042 533 3103 ad
563 3041 667 3124 pedes
698 3041 828 3105 domini
858 3062 946 3126 pape
977 3062 1012 3107 se
1039 3044 1373 3125 representaverunt,

255 3129 426 3192 instantes
456 3129 488 3191 ei
516 3132 551 3193 et
582 3129 822 3195 attentissimis
852 3131 1011 3214 precibus
1038 3130 1139 3194 illum
1169 3131 1374 3194 inducentes
1394 3152 1423 3190 so

256 3219 292 3282 et
316 3220 505 3294 exorantea
536 3221 577 3281 ut
606 3239 743 3302 operam
773 3220 950 3284 efficacem
975 3222 1127 3303 prestare
1151 3220 1303 3294 deberet,
1334 3221 1375 3280 ut

256 3306 320 3369 viri
351 3306 483 3370 nobiles
513 3310 548 3372 et
578 3308 810 3390 potentissimi
841 3312 876 3372 et
907 3308 967 3371 alii
997 3308 1063 3372 viri
1090 3308 1246 3372 bellicosi
1269 3311 1305 3372 et
1327 3307 1374 3370 fe·

256 3512 279 3562 a)
292 3515 323 3553 sic
337 3525 354 3556 c.
408 3515 431 3563 b)
444 3514 525 3554 bruud'
540 3527 559 3555 c.
613 3515 634 3566 c)
649 3517 673 3557 ln
686 3518 758 3566 suppl.
773 3517 870 3564 H.-Br.,·
883 3528 925 3557 om.
940 3528 958 3560 c.
1005 3514 1030 3570 d)
1043 3517 1165 3566 Imperator
1178 3527 1195 3560 ο.
1242 3515 1264 3568 e)
1278 3527 1291 3555 a
1305 3517 1377 3566 suppl.

256 3567 332 3615 Parta·
345 3579 386 3610 om.
400 3581 418 3610 c.
474 3571 491 3618 l)
505 3570 585 3612 emend.
599 3568 694 3618 H.·Br.,·
711 3571 826 3610 astltlones
840 3582 858 3614 c,

258 3743 284 3812 1)
313 3744 387 3808 eiad
418 3745 476 3800 Dec.
498 3747 524 3801 8.
552 3748 608 3798 iam
638 3747 741 3810 factam
771 3763 824 3799 crac
853 3764 914 3800 cave
942 3764 977 3801 ne
1002 3749 1096 3801 eredm
1121 3753 1153 3800 ret
1180 3747 1376 3809 Wr'nkelmann,
1395 3755 1425 3795 ro

257 3815 410 3868 ‘Friedrich
422 3816 509 3882 1131,
524 3833 555 3884 p.
568 3820 630 3882 311,
641 3835 668 3872 n.
681 3820 707 3885 4,
724 3819 859 3872 Galvaneo
870 3819 1011 3872 ramma
1022 3819 1150 3884 mendaci,
1162 3818 1269 3886 Mansio.
1282 3833 1302 3872 c.
1313 3820 1376 3880 259,

256 3888 306 3954 qui
318 3887 455 3954 plurimos
477 3888 533 3940 dics
557 3905 575 3940 a
595 3889 753 3954 Codacrrdlo
771 3890 901 3942 indicator
925 3890 1052 3943 cadauer
1069 3891 1228 3945 immutarit.
1258 3887 1379 3941 Honoris·

256 3961 385 4010 memtic
402 3959 506 4011 &mum
531 3959 596 4010 data
614 3965 651 4010 est
668 3960 729 4015 Ian.
742 3963 768 4026 5,
788 3961 877 4029 uper.
895 3962 940 4016 ael.
959 3961 984 4028 1,
1005 3978 1035 4029 p.
1048 3963 1213 4026 aee-251,
1230 3976 1275 4014 nr.
1288 3962 1376 4018 327-.

257 4031 323 4096 3313
341 4030 398 4084 LL.
419 4029 506 4082 Conse
523 4030 548 4095 1,
563 4033 756 4098 μ141-144,
775 4048 820 4086 nr.
834 4034 989 4088 109-112.
1069 4035 1097 4100 2)
1116 4032 1202 4089 Mart.
1217 4033 1258 4088 19.
1277 4032 1333 4096 fuit
1350 4045 1377 4084 c.

258 4102 337 4156 1227.
355 4102 411 4152 dire
429 4101 545 4156 Veneria.
575 4101 714 4154 Honorius
732 4102 819 4158 Mart.
833 4105 874 4158 18.
900 4105 956 4168 (die
973 4104 1056 4167 Iovrb)
1081 4103 1152 4164 obiit,
1189 4103 1274 4167 Infra
1289 4120 1318 4169 1³·
1331 4103 1376 4167 85,
1395 4112 1425 4151 ro

258 4171 274 4224 l.
287 4172 330 4225 21.
350 4172 419 4222 idem
436 4173 559 4224 mendum
579 4175 717 4240 repetitam
735 4180 780 4227 eet.

248 732 445 797 Placentini
468 695 698 837 eligerunta
688 753 726 795 rn
749 731 957 815 potestatem
979 732 1155 796 dominum
1173 730 1369 796 Guidonem
1394 754 1410 793 s
1497 715 1525 818 :¹
