3112 4856
235 332 269 386 72
350 327 541 382 IOHANNIS
559 325 806 382 CODAGNELLI
823 325 1005 383 ANNALES
1024 328 1060 384 A.
1075 331 1152 385 1222.
1173 330 1251 384 1223.

139 522 216 574 1222.
235 517 318 596 proa
356 514 529 596 potestate
563 531 675 594 neque
710 533 772 596 pro
805 514 939 576 rectore
974 511 1101 575 habere
1132 531 1196 575 nec
1225 514 1354 588 tenere,

236 600 397 685 aliquod⁸
417 603 670 664 sacramentum
694 622 756 684 pro
780 621 820 665 co
840 621 903 665 nec
919 622 981 684 pro
998 601 1071 665 cius
1087 600 1211 662 nuntio
1228 599 1354 663 facere.

160 707 215 755 Aa.
236 690 289 754 De
320 691 440 754 eodem
470 710 586 754 mense
611 690 700 773 Aug.
726 689 920 753 Placentini
951 689 1079 754 milites
1110 689 1289 772 elegerunt
1318 689 1357 750 in

235 782 443 863 potestatem
468 779 633 843 Iacobum
665 779 707 842 de
732 777 858 861 Burgo‚
890 779 1002 842 virum
1028 778 1180 842 nobilem
1204 777 1357 840 civitatis

117 858 217 959 ‘iffi
236 867 413 932 Cremone.
444 867 511 932 Die
527 867 664 931 sabbati
679 866 740 930 VI.
758 866 838 930 Kal.
856 866 1068 951 Septembris
1086 866 1192 930 *idem
1208 866 1356 930 Iacobus
1380 888 1394 926 5

116 983 215 1031 raes.
235 958 380 1020 intravit
402 957 439 1021 in
458 956 706 1034 Plorenzolam,
731 956 787 1020 die
811 975 891 1020 vero
916 956 1088 1020 dominica
1110 955 1269 1038 sequenti
1290 955 1356 1018 ivit

235 1045 493 1110 Potentianum.

120 1179 214 1220 naas.
342 1153 386 1215 In
409 1151 541 1215 Christi
564 1154 661 1215 sexta
684 1150 812 1214 natalis
835 1143 1003 1214 maximus
1027 1151 1113 1214 hora

342 1241 405 1303 Est
428 1243 635 1304 terremotus
659 1261 720 1324 per
743 1240 864 1303 mundi
888 1240 1029 1304 climata
1051 1239 1177 1303 factus.

342 1328 449 1393 Cuius
472 1329 509 1391 in
533 1330 719 1393 adventum
744 1329 876 1412 liquido
901 1349 1067 1393 concussa
1089 1328 1234 1392 fuerunt
1377 1352 1404 1388 10

342 1417 467 1482 Omnia
490 1437 556 1499 quc
578 1418 670 1482 telus
695 1422 811 1501 portat
834 1418 889 1481 vel
914 1418 1063 1482 sustinet
1086 1417 1188 1495 orbis,

340 1507 435 1570 Anni
459 1528 536 1570 cum
561 1506 703 1570 Domini
727 1507 912 1570 currebant
936 1506 1032 1570 mille
1056 1507 1208 1583 ducenti,

342 1596 407 1660 His
426 1599 544 1660 tamen
561 1596 729 1678 adiungas
753 1596 805 1660 bis
830 1589 962 1660 denosl
991 1599 1095 1678 atque
1119 1594 1172 1658 bis
1194 1616 1302 1657 unum
1311 1593 1332 1655 ¹.

137 1713 215 1766 1223·
342 1720 549 1803 Supradicta
582 1719 821 1784 incarnatione
852 1720 943 1783 circa
973 1740 1126 1784 mensem
1156 1719 1357 1783 Februarii2

103 1783 217 1832 mm
235 1809 431 1874 Placentini
454 1812 489 1872 et
513 1809 666 1872 eiusdem
690 1808 841 1873 civitatis
865 1809 1049 1892 populares
1078 1809 1281 1872 iuraverunt
1308 1810 1357 1870 at·
1377 1831 1403 1869 15

234 1900 378 1963 tendere
412 1901 575 1981 precepta
610 1897 800 1961 communis
836 1896 1003 1962 Cremone
1038 1918 1142 1981 super
1176 1897 1356 1961 discordiis

107 2013 174 2055 narr,
184 2014 215 2054 18.
235 2007 301 2071 que
323 1987 416 2049 inter
440 2007 496 2050 eos
520 1986 755 2050 vertebantur.
790 1986 856 2050 Die
880 1986 1017 2050 sabbati
1036 1987 1110 2050 XV.
1129 1986 1208 2050 Kal.
1225 1985 1356 2069 Aprilis

236 2075 404 2139 Cremone
427 2075 604 2158 potestas8
627 2075 672 2138 ad
690 2075 869 2139 Placentia
894 2076 1072 2140 civitatem
1096 2076 1261 2139 accedens
1285 2094 1357 2156 pre-

236 2166 328 2249 cepit
344 2163 492 2228 Cirardo
516 2164 558 2228 de
575 2164 726 2228 Dovaria
754 2165 908 2228 eiusdem
933 2165 1084 2229 civitatis
1107 2165 1292 2248 potestati⁰
1320 2163 1358 2225 in

235 2275 325 2338 pona
348 2254 564 2328 sacramenti,
588 2257 629 2316 ut
644 2253 767 2317 relicta
782 2254 972 2336 potestaria
988 2253 1194 2318 Cremonam
1209 2252 1354 2328 rediret;
1376 2279 1403 2315 eo

105 2365 216 2406 narrar.
235 2343 296 2426 qui
326 2342 381 2406 die
404 2343 569 2407 Mercurii
599 2343 756 2425 sequenti
787 2343 1013 2425 potestariam
1042 2342 1185 2425 reliquit
1215 2344 1251 2405 et
1279 2340 1356 2404 Cre-

235 2452 336 2495 mone
359 2432 472 2495 rediit.

103 2544 171 2585 nan.
182 2545 215 2584 19.
342 2520 408 2584 Die
439 2520 611 2584 dominica
638 2520 764 2584 XIIII.
795 2520 875 2584 Kal.
903 2521 1034 2603 Aprilis
1065 2520 1179 2583 dictus
1202 2521 1356 2603 potestas

236 2608 402 2674 Cremone
425 2609 490 2673 ivit
514 2610 777 2686 Potentianum3
809 2610 868 2691 qui
899 2613 1017 2673 autem
1047 2609 1202 2692 precepit
1226 2608 1355 2672 Iacobo

236 2699 278 2761 de
309 2699 426 2780 Burgo
461 2698 636 2762 societatis
671 2697 821 2760 militum
856 2699 1031 2782 potestati,
1067 2701 1108 2761 ut
1142 2698 1266 2761 relicta
1299 2718 1355 2781 po·
1375 2722 1402 2760 25

107 2811 217 2853 manao.
235 2787 379 2850 testaria
403 2785 606 2850 Cremonam
630 2786 775 2862 rediret;
806 2787 866 2869 qui
890 2788 946 2852 die
970 2788 1068 2852 Lune
1097 2787 1255 2871 sequenti
1279 2785 1356 2850 Cre-

108 2899 217 2942 terra.
235 2897 373 2939 monam
402 2875 517 2939 rediit.
564 2875 630 2938 Die
653 2874 747 2938 Iovis
769 2876 813 2938 X.
837 2875 917 2939 Kal.
943 2877 1072 2958 Aprilis
1096 2875 1272 2959 predictus
1300 2895 1356 2958 po-

234 2967 343 3028 testas
368 2962 535 3027 Cremone
566 2966 705 3028 centurn
737 2965 779 3028 de
803 2965 972 3028 militibus
1004 2965 1180 3030 societatis
1204 2964 1356 3027 militum

235 3053 279 3116 ad
304 3053 480 3116 civitatem
505 3053 667 3117 accedere
689 3052 785 3128 fecit,
818 3053 860 3117 de
887 3054 1012 3137 quibus
1036 3076 1057 3117 a
1080 3053 1256 3118 societatis
1280 3074 1357 3116 con-

235 3141 368 3205 sulibus
384 3141 535 3204 militurn
552 3148 701 3224 quatuor
716 3163 778 3226 pro
794 3145 968 3226 potestate
984 3143 1175 3207 communis
1195 3142 1357 3225 eligenda
1376 3167 1402 3206 ao

233 3229 359 3314 petiuit
382 3232 417 3294 et
440 3230 587 3294 totidem
611 3252 632 3294 a
655 3231 895 3314 popularibus;
921 3233 980 3314 qui
1003 3232 1161 3296 consules
1185 3232 1356 3296 dederunt

235 3319 268 3382 ei
290 3318 500 3383 Palmerium
523 3319 711 3384 Brachium
735 3323 770 3384 et
792 3321 1032 3385 Baiamontem
1048 3319 1296 3384 Vicecomitem
1320 3322 1355 3383 et

234 3407 417 3472 Albertum
441 3408 600 3473 Rubeum
632 3412 667 3472 et
699 3409 886 3474 Pulconem
914 3409 1132 3492 Iniquitatis;
1164 3409 1224 3492 qui
1255 3412 1355 3472 stete·

131 3521 161 3562 a.
197 3525 215 3561 a.
234 3500 316 3560 runt
338 3497 373 3560 in
399 3518 534 3562 camera
558 3499 748 3562 communis
772 3519 833 3581 pro
858 3497 1046 3581 *potestate
1070 3498 1232 3580 eligenda
1247 3517 1355 3578 usque

234 3669 256 3721 a)
270 3672 297 3718 cf.
311 3681 380 3720 supra
389 3683 414 3720 p.
423 3671 457 3721 63,
471 3682 493 3710 n.
504 3670 526 3712 h.
580 3668 603 3721 b)
618 3669 686 3710 denas
701 3682 720 3710 c.
775 3673 796 3719 c)
809 3673 891 3714 emend.
904 3672 1000 3721 Η,-Βν.,·
1013 3675 1114 3722 potestas
1128 3682 1146 3713 c.
1375 3665 1402 3703 35

235 3813 261 3880 1)
284 3813 327 3877 Cf.
340 3828 432 3865 versus
446 3812 469 3876 f.
483 3813 551 3867 45².
569 3813 665 3864 codicis
677 3812 832 3879 Godaqnelli
843 3816 956 3881 scriptos
968 3815 1008 3865 ‘N
1007 3855 1012 3868 .
1026 3813 1138 3864 Archia’
1150 3811 1233 3878 XVI,
1249 3829 1279 3878 p.
1293 3814 1354 3867 480.

233 3884 309 3936 Abba
325 3899 418 3936 verua
435 3884 466 3934 de
485 3883 570 3934 eodem
588 3889 747 3936 terraemotu
760 3884 836 3936 babet
849 3885 920 3939 eant.
934 3885 1050 3938 Siccrdr‘.
1123 3884 1152 3952 2)
1172 3885 1224 3935 Dic
1236 3884 1313 3938 Febr.
1323 3885 1353 3948 83

233 3956 268 4020 cf.
286 3955 350 4021 Ray.
370 3955 439 4021 Imp.
453 3954 483 4019 V,
502 3955 660 4018 nr.12859;
688 3955 749 4008 Cod.
769 3956 833 4022 drpl.
855 3955 974 4010 Cremon.
988 3956 1011 4021 I,
1026 3957 1182 4022 11.245aq.,
1201 3971 1246 4008 ar.
1260 3957 1353 4010 363-

234 4027 295 4081 365.
336 4026 392 4078 Iob.
416 4025 447 4077 de
472 4024 575 4077 Miraris
598 4025 644 4084 col,
664 4027 725 4081 460.
750 4028 850 4078 tradit:
876 4026 910 4079 de
935 4043 1029 4079 mense
1054 4025 1177 4080 Ianuarii
1200 4025 1302 4078 milites
1328 4027 1356 4078 et

233 4095 352 4164 populus
369 4094 510 4148 Placentie
529 4095 653 4149 fecerunt
671 4113 768 4164 pacem
785 4097 969 4150 voluntariam
988 4097 1023 4150 ad
1042 4096 1168 4164 invicem,
1190 4096 1282 4150 cundo
1301 4113 1356 4148 una
1375 4111 1402 4149 35

233 4183 297 4234 pars
315 4166 425 4220 obviam
444 4167 523 4220 alteri
541 4183 603 4219 cum
622 4167 756 4222 crucibus.
820 4171 860 4236 3).
872 4170 1011 4221 eirardus
1027 4169 1138 4221 Tercius
1149 4169 1180 4221 dc
1193 4169 1356 4221 Οονπακαπο

234 4239 397 4293 Parmensis.
432 4239 577 4305 Praecepta
601 4239 635 4291 ab
659 4239 708 4292 hoc
725 4239 804 4294 Febr.
817 4243 860 4304 18,
885 4242 934 4308 qur·
954 4241 1011 4292 dies
1035 4242 1114 4292 etiam
1132 4241 1187 4305 fait
1204 4240 1354 4302 sabbat-um,

234 4310 315 4362 eidem
327 4311 393 4362 data
404 4312 552 4362 certamin
565 4310 674 4362 archivo
686 4310 864 4376 Crenonensi,
883 4312 946 4366 Cod.
959 4310 1023 4378 dipl.
1038 4311 1159 4365 Cremera.
1172 4311 1190 4365 l.
1204 4311 1221 4365 l.
1238 4328 1283 4366 nr.
1294 4312 1354 4366 366.
