3112 4856
249 291 284 346 98
409 283 598 340 IOHANNIS
617 282 864 338 consenum
881 281 1062 336 ANNAnns
1081 282 1116 339 A.
1131 286 1209 340 1229.

150 478 228 532 1229.
247 472 284 536 in
315 470 436 536 castris
466 469 546 546 suis,
585 467 805 551 Romagnioli
844 467 935 530 malo
966 467 1069 531 modo
1104 469 1140 531 et
1169 467 1319 550 turpiter
1349 488 1372 530 a

145 548 228 597 ΗΜ·
248 560 357 645 prelio
381 560 596 623 discedentes
620 557 857 621 sustentoris
879 556 1086 620 enormiter⁸
1111 558 1147 620 et
1168 555 1372 622 indecenter

140 670 229 720 *aaa
249 640 493 733 *colligaruntb
521 650 557 711 et
579 647 790 710 indistanter
812 644 1003 709 Bononiam
1032 647 1242 728 perexerunt
1251 643 1272 705 1.
1315 644 1371 708 Id·

248 739 339 803 circo
363 737 535 801 carocium
559 735 793 799 Bononienses
816 734 854 797 in
877 734 999 798 castris
1023 733 1192 798 collocare
1219 754 1290 797 non
1314 754 1370 817 po·

246 829 401 903 tuernnt,
437 826 496 889 sed
531 825 569 886 in
591 823 759 887 Plumatii
790 826 940 888 castrum
970 822 1040 885 fuit
1072 823 1215 886 ductum
1247 825 1282 887 et
1309 842 1408 907 pers

246 919 358 980 totam
389 918 525 979 noctem
557 913 743 996 diligenter
780 913 993 976 custoditum
1003 912 1024 973 ².
1078 911 1255 975 Lonbardi
1288 931 1369 975 vero

248 1004 408 1068 similiter
442 1006 478 1068 et
512 1002 746 1066 Bononienses
780 1002 863 1076 viso,
898 1002 991 1084 quod
1024 999 1249 1082 Romagnolic
1290 1021 1369 1066 cum

247 1094 368 1158 castris
391 1098 612 1167 recesserant,
644 1095 680 1155 et
702 1091 740 1152 in
763 1090 966 1174 albergariis
989 1089 1064 1153 fore
1089 1089 1282 1167 derelictos,
1313 1090 1369 1152 do-

247 1182 358 1247 lentes
397 1184 433 1246 et
470 1183 648 1264 gementes
686 1201 747 1263 pre
783 1179 889 1242 nimia
927 1178 1082 1256 tristitia,
1122 1182 1368 1260 cognoscentes

247 1292 377 1335 moram
392 1270 442 1334 ibi
458 1269 598 1333 minime
617 1269 731 1332 facere
748 1288 856 1351 posse,
881 1288 943 1330 sua
959 1267 1118 1332 similiter
1134 1260 1363 1349 colligaruntl
1388 1293 1415 1331 10

247 1360 407 1424 tentoria.
444 1357 593 1437 Quidam
616 1378 697 1422 vero
721 1356 815 1420 ultra
838 1357 977 1420 modum
1000 1356 1160 1440 perteriti
1175 1356 1248 1420 sine
1265 1376 1369 1420 causa

247 1448 359 1512 multa
387 1448 537 1531 turpiter
566 1440 828 1529 relinqueruntd
855 1445 1006 1510 tentoria
1016 1445 1037 1508 ³.
1083 1444 1220 1509 Relicto
1250 1448 1368 1509 antem

248 1537 381 1602 carocio
411 1536 632 1619 Romagnioli
667 1537 703 1598 et
739 1535 812 1598 fere
842 1537 938 1598 totus
967 1533 1117 1618 populus
1147 1533 1302 1598 Bononie
1333 1537 1368 1598 et

247 1647 326 1710 pars
342 1626 491 1690 maxima
506 1624 768 1689 Loubar'dorum
784 1616 960 1687 Bononieb
980 1625 1205 1687 recesserunt.
1230 1622 1369 1686 Placen-

247 1716 314 1779 tini
342 1736 424 1780 vero
453 1714 581 1778 milites
611 1713 655 1778 ad
684 1712 935 1797 postulationes
965 1712 1182 1794 quorundam
1216 1713 1368 1776 virorum
1390 1736 1416 1776 15

247 1804 417 1868 nobilium
449 1804 581 1867 dictum
610 1802 782 1866 carocium
817 1801 980 1884 diligenti
1015 1822 1098 1865 cura
1128 1801 1370 1865 custodierunt

140 1915 227 1964 sepes.
248 1914 326 1956 cum
365 1894 463 1976 parte
502 1891 653 1954 militum
692 1891 848 1954 Bononie
887 1892 922 1954 et
961 1890 1017 1955 die
1056 1891 1215 1972 sequenti
1252 1890 1369 1972 vigore

247 1982 396 2044 maximo
430 1983 509 2064 post
542 1981 656 2064 ipsum
690 1979 786 2043 lento
819 1980 929 2062 gradu
964 1981 1147 2062 sequentes
1177 1978 1370 2042 Bononiam

249 2071 412 2134 decenter
435 2070 685 2133 conduxerunt.
734 2067 888 2150 Cumque
912 2069 976 2132 hec
1001 2071 1079 2131 acta
1102 2069 1260 2144 fuissent,
1292 2066 1369 2131 Ore-

124 2179 229 2232 satssc.
248 2179 438 2235 monenses,
463 2159 663 2222 Parmenses
687 2162 722 2222 et
747 2159 851 2221 etiam
875 2157 1090 2221 Mutinenses
1120 2157 1227 2220 nimio
1251 2156 1416 2221 dolorem

249 2252 284 2312 et
307 2249 451 2312 tristitia
474 2251 664 2331 captorum,
689 2247 947 2310 vulneratorum
971 2251 1007 2310 et
1030 2248 1244 2310 mortuorum
1267 2245 1369 2309 valde

249 2337 415 2421 portenti,
443 2337 683 2400 indubitanter
713 2336 893 2400 credentes
916 2335 1117 2398 fortitudini
1140 2338 1176 2399 et
1199 2335 1368 2418 magnitu-

249 2426 322 2488 dini
345 2427 514 2490 exercitus
538 2425 808 2489 Bononiensium
831 2444 1049 2507 nequaquam
1072 2444 1172 2508 posse
1197 2424 1367 2499 resistere,

248 2515 404 2579 inimicos
439 2514 628 2598 plurimum
662 2515 834 2590 timentes,
870 2514 957 2576 iter⁰
997 2533 1115 2577 eorum
1150 2516 1243 2577 retro
1276 2531 1369 2594 agre·

249 2604 393 2681 dientes,
428 2597 560 2668 velocis
597 2604 708 2688 gradu
746 2603 790 2666 ad
824 2602 966 2686 propria
999 2602 1112 2666 redire
1142 2601 1367 2676 festinabant,
1388 2627 1416 2667 ss

249 2693 339 2755 sicut
361 2692 512 2756 veridica
535 2691 703 2756 relatione
727 2691 943 2774 quorundam
966 2690 1210 2768 intelleximus,
1243 2690 1302 2773 qui
1331 2690 1370 2752 in

248 2782 322 2864 ipso
345 2781 583 2844 interfuerunt
606 2781 769 2844 exercita.
806 2779 893 2844 Oum
908 2783 1027 2843 autem
1043 2781 1087 2842 ad
1103 2780 1242 2864 propria
1256 2778 1369 2846 redire

248 2870 464 2946 festinarent,
488 2869 725 2952 intelligentes
749 2871 791 2933 de
809 2869 978 2934 exercitus
995 2868 1150 2934 Bononie
1166 2867 1368 2944 recessione,

249 2957 333 3021 elati
363 2960 398 3021 et
429 2959 556 3040 gaudio
587 2979 712 3042 magno
736 2958 890 3033 exaltati,
921 2957 989 3021 iter
1016 2977 1134 3020 eorum
1158 2959 1250 3021 retro
1274 2977 1369 3038 agre·

144 3067 173 3112 *.
212 3073 228 3110 0.
249 3047 392 3124 dientes,
425 3045 606 3129 *impetum
637 3067 745 3128 usque
775 3047 812 3110 in
835 3046 957 3110 castris
980 3046 1251 3110 Bononiensium
1274 3045 1368 3109 festi·
1388 3073 1415 3111 so

248 3137 373 3199 nanter
394 3135 563 3212 fecerunt,
594 3136 767 3200 neminem
790 3135 1022 3212 invenientes,
1057 3135 1208 3199 tentoria
1231 3155 1368 3217 quoque

249 3228 285 3289 et
308 3225 464 3308 plaustra
487 3224 536 3287 ibi
559 3225 682 3288 relicta
705 3228 741 3288 et
764 3246 805 3289 ea
828 3246 893 3307 que
917 3225 954 3287 in
976 3224 1060 3308 ipsis
1084 3225 1229 3288 aderant
1257 3227 1368 3287 tento·

247 3314 307 3377 riis
331 3315 538 3391 habuerunt,
570 3316 606 3378 et
628 3314 756 3397 gaudio
778 3334 904 3397 magno
925 3313 1034 3396 gavisi
1058 3313 1102 3376 ad
1126 3313 1265 3396 propria
1288 3333 1368 3376 cum

247 3507 270 3552 a)
284 3505 398 3543 enerviter
411 3505 505 3552 fortasse
520 3505 684 3546 sustendandum.
725 3505 748 3548 b)
761 3505 792 3542 sic
806 3515 822 3546 c.
861 3503 882 3554 c)
895 3505 927 3542 sic
940 3504 961 3546 h.
970 3505 985 3545 l.
995 3515 1013 3546 c.
1053 3503 1076 3555 d)
1090 3505 1120 3543 sic
1134 3515 1164 3552 c.,·
1178 3505 1289 3552 enumera
1298 3503 1368 3556 221,

248 3558 343 3606 n.a.25,
358 3569 400 3599 n.c
414 3562 450 3600 etc.
505 3559 525 3606 c)
540 3558 583 3596 iter
597 3569 674 3597 eorum
688 3558 796 3606 suppleat·
812 3569 853 3599 om.
867 3568 885 3600 c.
939 3556 1044 3608 Ouoloci
1059 3569 1076 3600 ο,
1388 3570 1415 3610 35

249 3699 276 3765 1)
293 3700 379 3766 Epist.
393 3700 601 3752 Bononiensium
614 3701 632 3755 l.
646 3701 664 3754 l.
677 3704 748 3766 (post
755 3716 785 3766 p.
799 3701 842 3767 98,
862 3717 888 3754 a.
902 3701 948 3758 2):
966 3697 1082 3751 Interim
1093 3696 1127 3767 (l)
1145 3697 1257 3766 quidam
1276 3715 1310 3751 ex
1329 3697 1368 3751 eis

250 3769 298 3837 qui
316 3773 447 3822 venerant
470 3769 498 3822 in
523 3773 648 3823 nostrum
673 3769 823 3824 subsidium
846 3772 873 3824 et
898 3771 1026 3823 iuvamen
1043 3769 1178 3838 paulatim
1203 3768 1368 3822 tentoria

248 3840 471 3910 colligentes
490 3840 525 3892 ad
542 3840 662 3894 reditum
680 3840 856 3910 festinabant,
874 3841 984 3894 nemine
1002 3845 1096 3894 tamen
1114 3841 1187 3909 ipsos
1200 3840 1235 3893 ad
1246 3839 1368 3893 reditum

249 3911 409 3966 festinatum
428 3912 617 3979 compellente.
671 3915 699 3980 2)
719 3913 784 3965 Vide
802 3919 890 3965 tamen
908 3915 980 3980 quod
992 3915 1063 3968 Ana.
1077 3913 1171 3968 Parm.
1189 3914 1253 3966 mai.
1272 3913 1303 3964 dc
1321 3913 1368 3964 hoc

248 3986 351 4036 carecto
375 3984 506 4047 referunt.
543 3984 657 4050 Occasu.
676 4000 740 4036 canc
764 4001 817 4036 non
841 3987 977 4050 ignoravit
1001 3986 1033 4036 dc
1058 4000 1086 4037 co
1111 3984 1144 4035 ab
1167 3984 1286 4036 hostibus
1310 3983 1368 4034 alia
1385 3997 1415 4036 40

247 4057 373 4107 narrari.
451 4055 479 4120 3)
506 4054 540 4106 Ut
557 4055 627 4107 hanc
649 4056 746 4122 sapam
768 4062 935 4121 nocturnam,
955 4058 985 4107 in
1003 4072 1057 4122 qua
1075 4057 1162 4107 muna
1179 4056 1367 4122 impedimento

248 4127 279 4178 in
296 4141 388 4193 campo
408 4126 587 4192 deseruerunt,
613 4127 791 4180 Bononienscs
815 4132 937 4193 tegerent,
963 4128 1102 4195 epistolam
1126 4143 1203 4194 caepe
1228 4126 1367 4177 laudatam

247 4199 421 4320 εσνίρεεόἰιηί.
453 4197 496 4261 Cf.
505 4205 616 4264 praeter
628 4213 678 4263 coc,
696 4213 761 4265 quos
773 4200 829 4250 iam
845 4198 932 4266 obuli,
946 4199 1019 4254 Anu.
1036 4203 1082 4253 vet.
1095 4197 1187 4250 Mutia
1200 4198 1217 4251 l.
1231 4197 1247 4252 l.
1261 4197 1308 4252 col.
1319 4198 1366 4264 593

249 4269 321 4322 Ana.
379 4283 460 4323 emon.
