3118 4840
672 282 902 340 PRAEFATIO.
1300 283 1345 339 IX

333 469 380 533 In
402 467 587 533 Annalibus
608 468 666 533 boc
688 468 787 532 solum
815 465 1024 548 Oodapnellus
1046 468 1083 531 de
1106 488 1139 532 se
1161 465 1276 548 retulit,
1306 466 1344 531 in

227 554 424 640 cupeditione
460 555 520 621 illa
553 555 847 622 Mediolanensium
878 561 907 620 et
940 554 1202 620 Placentinorum
1239 577 1344 621 nnnse

227 645 327 710 Iunio
356 645 440 711 anni
472 650 567 709 1218.
595 644 684 725 facta
713 665 745 710 se
774 643 918 723 adfuisse
927 644 948 725 ¹,
979 663 1042 724 qua
1071 643 1122 708 illi
1152 665 1221 710 curn
1250 643 1344 710 sociis

227 733 338 816 Burpo
362 734 397 799 S.
420 733 580 799 Domuiui
603 731 706 814 potiri
732 731 839 798 conati
861 753 962 814 prope
986 731 1144 797 Zibellum
1173 756 1195 798 a
1222 732 1344 798 Cremo-

226 822 378 888 nensibus
400 829 429 888 et
451 821 680 887 Parmensibus
701 820 777 887 uicti
799 826 892 901 atque
913 819 1035 901 infecta
1056 842 1100 902 re,
1124 821 1179 887 oia
1201 820 1344 886 Aemilia

226 911 307 993 ipsis
328 911 510 992 interclusa,
535 911 626 994 tonpo
649 909 769 975 ambitu
791 909 897 974 redire
920 909 1018 974 coacti
1039 912 1144 974 sunt2.

338 999 503 1066 Caeterum
517 999 616 1065 citam
636 997 821 1080 Oodapnelli
835 1003 1027 1062 enarraturo
1045 997 1181 1064 bistoria
1203 998 1326 1064 cioitat'

226 1088 436 1154 Placentinae
457 1088 547 1153 illius
569 1087 684 1153 aetatis
704 1086 906 1168 potissimum
928 1086 1096 1152 scribenda
1119 1094 1203 1169 esset,
1228 1087 1344 1152 scimus

227 1177 311 1253 enim
339 1176 563 1259 Oodapnellum
590 1176 751 1257 fervidum
780 1181 960 1241 sectatorem
977 1175 1086 1256 partis
1108 1175 1342 1257 ecclesiasticae,

220 1268 419 1348 postmodum
441 1266 544 1331 dictae
564 1264 708 1346 Guelfac,
731 1264 841 1345 fuisse,
866 1266 949 1344 quod
966 1285 1004 1328 ea
1017 1263 1139 1345 fabulis
1154 1267 1192 1330 de
1207 1263 1344 1329 bistoria

226 1355 362 1437 antiqua
383 1355 637 1420 Lambardorum
659 1355 700 1418 ab
723 1374 757 1418 eo
780 1352 966 1435 compositis,
990 1374 1029 1417 ea
1049 1353 1171 1418 Libello
1195 1351 1344 1417 tristitiae

227 1450 256 1508 et
277 1442 404 1524 doloris,
429 1463 489 1524 qno
512 1443 628 1509 librum
643 1441 856 1523 antiquiorem
872 1441 949 1506 eicis
964 1440 1220 1506 Mediolanensis
1235 1441 1343 1506 auimo

226 1531 412 1614 imperatori
435 1531 545 1613 stirpis
561 1531 712 1597 Suenicue
733 1529 942 1611 infestissimo
965 1529 1200 1611 adulteraverit,
1225 1536 1290 1594 turn
1305 1551 1344 1594 eu

226 1620 410 1686 Annalibus
425 1619 627 1686 Placentinis
642 1619 710 1684 eius
728 1617 932 1702 copuoscitur,
955 1618 994 1682 iu
1016 1618 1129 1699 quibus
1151 1619 1344 1683 uehementer

226 1716 330 1774 tuetur
345 1716 473 1791 partem
500 1709 623 1775 Ottonis
638 1709 703 1774 IV.
729 1714 842 1774 contra
863 1706 1049 1789 Pbilippmm
1078 1728 1181 1789 repom
1208 1728 1224 1772 e
1246 1706 1344 1788 stirpe

229 1798 364 1863 Sueoica
382 1805 484 1863 ortum
499 1797 652 1864 relatione
671 1797 738 1863 litis
753 1817 862 1863 eorum
877 1797 933 1860 sub
949 1819 979 1861 a.
997 1801 1091 1861 1208.
1102 1796 1218 1878 posita,
1236 1795 1343 1859 odium

226 1885 416 1952 acerrimum
431 1894 541 1952 contra
552 1886 757 1952 Fridericum
768 1886 821 1950 ΙΙ.
837 1885 1057 1967 imperatorem
1071 1885 1183 1967 stirpis
1193 1883 1343 1950 Sueoicae

227 1983 408 2057 conceptum
438 1976 572 2042 euomuit
597 1975 788 2058 praesertim
822 1974 967 2057 rbptbmo
1002 1976 1039 2039 de
1068 1976 1161 2039 rebus
1189 1996 1220 2038 a.
1247 1978 1341 2037 1226.

221 2064 321 2146 ’pestis
350 2065 536 2146 composito3
571 2064 615 2147 (p.
635 2069 676 2128 74
692 2063 783 2146 sap),
820 2084 890 2129 cum
922 2062 1098 2144 imperator
1130 2065 1273 2143 studeret,
1308 2069 1345 2127 nt

227 2153 425 2219 Lombardos
452 2153 562 2235 partis
596 2154 748 2217 aduersae
782 2152 818 2216 in
847 2151 1036 2216 deditionem
1066 2151 1244 2217 conditione
1278 2171 1343 2215 non

227 2241 326 2306 nimis
362 2241 477 2323 iniqua
514 2240 672 2322 reciperet,
714 2247 780 2304 turn
816 2239 1005 2304 narratione
1042 2260 1150 2303 rerum
1187 2261 1218 2303 a.
1247 2245 1342 2303 1232.

225 2335 394 2412 pestarum,
430 2351 499 2393 curn
527 2328 701 2409 imperator
728 2327 812 2392 wan
841 2327 974 2408 adsequi
1002 2327 1175 2408 moliretur,
1210 2327 1344 2408 denique

227 2418 322 2499 lonpa
344 2417 531 2482 narratione
554 2439 584 2480 a.
605 2412 737 2498 lensii,
767 2437 831 2498 qua
852 2416 941 2496 falsa
957 2415 1104 2496 plurima
1121 2415 1238 2497 paucis
1259 2416 1344 2481 ocris

227 2505 396 2570 remiscens
424 2505 574 2587 exposuit,
606 2526 663 2571 cur
684 2504 858 2586 inperator
887 2526 908 2568 a
936 2503 1091 2587 Grcporio
1120 2526 1193 2570 sene
1219 2504 1344 2584 furioso

227 2593 510 2660 excommunicatus
532 2600 619 2659 esset.

333 2683 436 2764 Atque
463 2683 652 2766 Godapnello
674 2681 794 2747 uiuente
815 2682 901 2747 inter
923 2681 1005 2748 cioes
1025 2682 1229 2747 Placentinos
1251 2703 1343 2764 saepe

225 2771 436 2854 pravissimae
459 2794 497 2838 ac
519 2773 690 2837 diuturnae
712 2771 881 2837 seditiones
899 2778 985 2836 ortae
1003 2777 1086 2852 sunt,
1110 2771 1231 2836 maiore
1248 2777 1343 2853 parte

226 2861 363 2926 militurn
378 2868 506 2944 partem
528 2860 770 2927 ecclesiasticam
787 2866 931 2942 sectante,
956 2860 1078 2925 minore
1094 2866 1189 2942 parte
1206 2859 1343 2924 militurn

227 3055 254 3120 1)
275 3052 305 3107 P.
319 3055 366 3108 65:
385 3052 527 3106 eredentes
545 3069 605 3105 nos
620 3043 745 3122 B'urgam
757 3051 797 3104 ire
809 3051 910 3104 debere
928 3059 995 3120 etp.
1009 3054 1053 3107 67:
1075 3051 1206 3104 instantes
1224 3051 1341 3120 nobis,

227 3126 259 3175 ut
282 3122 372 3176 redire
397 3123 566 3178 deberemus.
656 3126 684 3192 2)
712 3124 787 3187 Qrcod
806 3123 982 3190 Oodapnellns
1000 3125 1104 3190 quidem
1122 3138 1175 3175 non
1193 3123 1274 3187 discit,
1298 3125 1343 3176 sed

226 3196 324 3247 cotlcta
348 3197 405 3247 cius
428 3198 587 3248 narratione
604 3212 662 3247 cum
680 3195 792 3260 reliquis
809 3195 992 3259 relationibus,
1019 3210 1087 3261 quas
1104 3213 1130 3261 p.
1145 3195 1187 3249 66.
1206 3195 1341 3260 adnotari,

226 3267 294 3317 satis
311 3273 379 3319 certo
396 3268 567 3332 copncscr'tur.
580 3295 614 3304 -
633 3265 685 3319 Ed.
705 3265 901 3332 Winlcelmann‚
915 3266 1034 3320 ‘Porsen
1046 3283 1069 3319 e.
1083 3265 1229 3317 Dcntscben
1243 3265 1341 3320 Gescb!

231 3337 295 3403 VII,
310 3353 340 3403 p.
353 3340 414 3404 300,
433 3338 505 3390 dixit
524 3337 713 3402 Codapneltum
732 3339 761 3388 in
780 3337 831 3388 illa
848 3337 1012 3404 espeditione
1031 3339 1099 3387 anni
1115 3339 1191 3394 1213.
1211 3336 1341 3403 adfuisse,

227 3409 258 3458 in
276 3423 330 3474 qna
347 3409 391 3460 dic
407 3408 468 3462 Iun.
481 3411 506 3463 2.
526 3408 734 3460 Mediolanenses
751 3409 866 3474 sociique
883 3423 975 3460 corum
992 3423 1011 3458 c
1029 3407 1243 3460 Cremonensibus
1261 3423 1343 3474 prope

228 3478 385 3530 Castelleone
411 3480 473 3531 cicli
498 3485 569 3545 sunt,
598 3495 657 3531 cum
683 3479 727 3531 eu
754 3481 952 3531 accuratissime
976 3478 1007 3529 de
1031 3478 1078 3529 boc
1098 3478 1204 3545 proelio
1221 3478 1343 3530 retulerit

228 3556 264 3616 (p.
277 3551 313 3604 43
324 3552 384 3616 sa).
415 3551 490 3613 Quod
506 3553 612 3616 percitus
629 3551 789 3602 reiciendum
808 3557 852 3604 cst.
884 3551 969 3602 Multo
980 3550 1066 3616 ptura
1079 3549 1251 3615 Codapnellns
1263 3551 1343 3601 etiarn

227 3621 258 3671 de
282 3621 347 3671 aliis
366 3622 480 3687 proeliis
503 3622 604 3685 retulit,
629 3627 659 3672 nt
684 3622 715 3672 de
739 3622 786 3674 illo
809 3621 1154 3688 suessanensis
1178 3620 1342 3673 Scoltcnnam

226 3693 500 3756 fluriumcomrnisso,
518 3695 548 3744 in
565 3708 617 3758 qno
634 3709 661 3744 se
678 3707 732 3744 non
750 3693 870 3756 adfuisse
887 3694 943 3759 ipsu
960 3692 1032 3742 dixit
1050 3693 1087 3758 (p.
1101 3693 1156 3752 98).
1211 3693 1239 3760 3)
1260 3691 1343 3744 Nemo

226 3761 349 3814 dabdm
361 3769 456 3831 potest,
481 3766 546 3829 quin
563 3765 619 3830 ipm
638 3764 812 3829 Godapnellus
830 3763 900 3814 bunc
917 3763 1074 3828 rhythmum
1091 3765 1273 3830 composuerit,
1290 3778 1343 3829 qno

227 3838 251 3884 ct
268 3833 368 3886 indoles
385 3839 408 3886 et
422 3836 546 3902 partium
564 3835 684 3886 studium
709 3839 786 3900 atque
803 3834 908 3884 duucdi
929 3849 1013 3900 penus
1031 3835 1087 3884 eins
1105 3836 1270 3902 malissime
1287 3835 1343 3886 eln-

226 3910 307 3958 ceaut.
338 3904 431 3956 Etiam
455 3921 547 3957 cerens
570 3905 736 3958 benametros
752 3907 786 3959 41
806 3907 838 3956 de
862 3907 972 3956 uictoria
988 3905 1206 3957 Placentinorum
1223 3922 1249 3959 a.
1264 3906 1341 3960 1188.

227 3974 279 4029 Iul.
296 3977 337 4029 11.
356 3976 388 4028 dc
405 3976 595 4028 Parmensibus
618 3982 642 4028 ct
666 3976 820 4028 marchione
836 3976 1008 4044 Malospinae
1031 3982 1168 4044 reportata
1191 3980 1229 4044 (p.
1245 3978 1278 4030 16
1290 3979 1342 4042 sq.)

227 4051 251 4097 ct
268 4061 359 4098 ausus
375 4063 423 4100 sen
440 4048 471 4099 dc
488 4053 577 4098 terrae
593 4053 666 4099 motu
684 4063 709 4101 a.
721 4049 798 4101 1222.
811 4054 850 4115 (p.
861 4048 913 4112 72)
926 4055 949 4100 ct
961 4047 1075 4099 disticha
1087 4054 1204 4115 quatuor
1214 4048 1246 4098 de
1258 4048 1343 4099 codem

226 4121 315 4169 terrae
326 4125 407 4182 motu,
425 4120 474 4184 qui
490 4119 512 4182 f.
526 4121 594 4173 45³.
612 4120 707 4170 codicis
718 4118 845 4170 Parisini
858 4123 973 4183 exstant,
990 4118 1024 4170 ab
1036 4121 1094 4185 ipso
1107 4119 1264 4185 Ocdapneltc
1276 4133 1344 4170 um-

223 4189 327 4252 positos
337 4203 390 4240 csse
401 4189 470 4240 mibi
475 4205 637 4256 persuasum
646 4189 736 4256 babeo,
746 4195 776 4240 ut
787 4192 867 4242 ctiam
878 4205 970 4241 vermes
978 4191 1093 4256 quinque
1103 4191 1183 4242 Gesta
1191 4191 1313 4242 chcrn'ci
1317 4189 1342 4244 Ι.

227 4259 259 4308 in
275 4257 441 4311 Lombardia
454 4278 485 4327 p.
500 4262 540 4314 16.
559 4261 642 4313 editos
658 4262 808 4328 compesuit,
