<?xml version="1.0" encoding="UTF-8"?>
<!DOCTYPE html PUBLIC "-//W3C//DTD XHTML 1.0 Transitional//EN"
    "http://www.w3.org/TR/xhtml1/DTD/xhtml1-transitional.dtd">
<html xmlns="http://www.w3.org/1999/xhtml" xml:lang="en" lang="en">
 <head>
  <title>
</title>
<meta http-equiv="Content-Type" content="text/html;charset=utf-8" />
  <meta name='ocr-system' content='tesseract 3.04.00' />
  <meta name='ocr-capabilities' content='ocr_page ocr_carea ocr_par ocr_line ocrx_word'/>
</head>
<body>
  <div class='ocr_page' id='page_1' title='image "./iohanniscodagne01codagoog_0107.png"; bbox 0 0 3112 4856; ppageno 0'>
   <div class='ocr_carea' id='block_1_1' title="bbox 346 201 1146 259">
    <p class='ocr_par' dir='ltr' id='par_1_1' title="bbox 346 201 1146 259">
     <span class='ocr_line' id='line_1_1' title="bbox 346 201 1146 259; baseline 0.005 -4"><span class='ocrx_word' id='word_1_1' title='bbox 346 201 535 258; x_wconf 79' lang='lat' dir='ltr'><strong>IOHANNIS</strong></span> <span class='ocrx_word' id='word_1_2' title='bbox 555 201 800 257; x_wconf 78' lang='lat' dir='ltr'><strong>OODAGNELLI</strong></span> <span class='ocrx_word' id='word_1_3' title='bbox 819 202 1001 257; x_wconf 76' lang='lat' dir='ltr'>ANNALES</span> <span class='ocrx_word' id='word_1_4' title='bbox 1019 202 1054 258; x_wconf 79' lang='lat' dir='ltr'>A.</span> <span class='ocrx_word' id='word_1_5' title='bbox 1070 207 1146 259; x_wconf 90' lang='lat'><strong>1226.</strong></span> 
     </span>
    </p>
   </div>
   <div class='ocr_carea' id='block_1_2' title="bbox 291 387 1014 803">
    <p class='ocr_par' dir='ltr' id='par_1_2' title="bbox 291 387 1014 803">
     <span class='ocr_line' id='line_1_2' title="bbox 402 387 963 460; baseline 0 -12"><span class='ocrx_word' id='word_1_6' title='bbox 402 391 444 448; x_wconf 83' lang='lat'>59</span> <span class='ocrx_word' id='word_1_7' title='bbox 468 387 587 450; x_wconf 84' lang='lat' dir='ltr'>Niehil</span> <span class='ocrx_word' id='word_1_8' title='bbox 610 387 696 450; x_wconf 85' lang='lat' dir='ltr'>fecit</span> <span class='ocrx_word' id='word_1_9' title='bbox 720 406 797 450; x_wconf 88' lang='lat' dir='ltr'>curn</span> <span class='ocrx_word' id='word_1_10' title='bbox 821 387 963 460; x_wconf 88' lang='lat' dir='ltr'>nuntiis,</span> 
     </span>
     <span class='ocr_line' id='line_1_3' title="bbox 466 474 931 551; baseline -0.006 -14"><span class='ocrx_word' id='word_1_11' title='bbox 466 474 560 551; x_wconf 76' lang='lat' dir='ltr'>Quos</span> <span class='ocrx_word' id='word_1_12' title='bbox 584 476 721 538; x_wconf 81' lang='lat' dir='ltr'>tradere</span> <span class='ocrx_word' id='word_1_13' title='bbox 746 474 931 537; x_wconf 88' lang='lat' dir='ltr'>mendatiis</span> 
     </span>
     <span class='ocr_line' id='line_1_4' title="bbox 291 541 1014 638; baseline 0 -15"><span class='ocrx_word' id='word_1_14' title='bbox 291 541 301 638; x_wconf 60' lang='lat' dir='ltr'>l</span> <span class='ocrx_word' id='word_1_15' title='bbox 466 561 571 624; x_wconf 85' lang='lat' dir='ltr'>Nisus</span> <span class='ocrx_word' id='word_1_16' title='bbox 595 565 665 636; x_wconf 88' lang='lat' dir='ltr'>est;</span> <span class='ocrx_word' id='word_1_17' title='bbox 690 562 754 625; x_wconf 92' lang='lat' dir='ltr'>hec</span> <span class='ocrx_word' id='word_1_18' title='bbox 778 564 819 624; x_wconf 87' lang='lat' dir='ltr'>ut</span> <span class='ocrx_word' id='word_1_19' title='bbox 841 561 1014 638; x_wconf 85' lang='lat' dir='ltr'>viderunt,</span> 
     </span>
     <span class='ocr_line' id='line_1_5' title="bbox 468 649 886 733; baseline 0 -21"><span class='ocrx_word' id='word_1_20' title='bbox 468 651 523 712; x_wconf 81' lang='lat' dir='ltr'>Ad</span> <span class='ocrx_word' id='word_1_21' title='bbox 546 649 685 733; x_wconf 89' lang='lat' dir='ltr'>propria</span> <span class='ocrx_word' id='word_1_22' title='bbox 707 650 886 715; x_wconf 87' lang='lat' dir='ltr'>redierunt</span> 
     </span>
     <span class='ocr_line' id='line_1_6' title="bbox 505 738 866 803; baseline 0 -3"><span class='ocrx_word' id='word_1_23' title='bbox 505 738 670 803; x_wconf 68' lang='lat' dir='ltr'>Decimoa</span> <span class='ocrx_word' id='word_1_24' title='bbox 698 741 741 803; x_wconf 92' lang='lat' dir='ltr'>de</span> <span class='ocrx_word' id='word_1_25' title='bbox 763 738 866 802; x_wconf 93' lang='lat' dir='ltr'>Iulio.</span> 
     </span>
    </p>
   </div>
   <div class='ocr_carea' id='block_1_3' title="bbox 381 915 987 1356">
    <p class='ocr_par' dir='ltr' id='par_1_3' title="bbox 381 915 987 1356">
     <span class='ocr_line' id='line_1_7' title="bbox 402 915 917 999; baseline 0.002 -22"><span class='ocrx_word' id='word_1_26' title='bbox 402 920 444 977; x_wconf 85' lang='grc'>60</span> <span class='ocrx_word' id='word_1_27' title='bbox 468 915 514 978; x_wconf 82' lang='lat' dir='ltr'>Et</span> <span class='ocrx_word' id='word_1_28' title='bbox 537 917 574 978; x_wconf 91' lang='lat' dir='ltr'>in</span> <span class='ocrx_word' id='word_1_29' title='bbox 598 917 654 981; x_wconf 91' lang='lat' dir='ltr'>die</span> <span class='ocrx_word' id='word_1_30' title='bbox 678 916 737 998; x_wconf 91' lang='lat' dir='ltr'>qui</span> <span class='ocrx_word' id='word_1_31' title='bbox 760 916 917 999; x_wconf 88' lang='lat' dir='ltr'>sequitur</span> 
     </span>
     <span class='ocr_line' id='line_1_8' title="bbox 466 1003 891 1089; baseline 0 -21"><span class='ocrx_word' id='word_1_32' title='bbox 466 1003 591 1069; x_wconf 74' lang='lat' dir='ltr'>(lontio</span> <span class='ocrx_word' id='word_1_33' title='bbox 614 1006 678 1070; x_wconf 90' lang='lat' dir='ltr'>hec</span> <span class='ocrx_word' id='word_1_34' title='bbox 702 1005 891 1089; x_wconf 72' lang='lat' dir='ltr'>colligitur,</span> 
     </span>
     <span class='ocr_line' id='line_1_9' title="bbox 404 1087 987 1171; baseline 0.005 -16"><span class='ocrx_word' id='word_1_35' title='bbox 404 1116 409 1122; x_wconf 93' lang='lat'>·</span> <span class='ocrx_word' id='word_1_36' title='bbox 465 1091 542 1171; x_wconf 82' lang='lat' dir='ltr'>Qua</span> <span class='ocrx_word' id='word_1_37' title='bbox 564 1087 786 1158; x_wconf 84' lang='lat' dir='ltr'>Loubardosb</span> <span class='ocrx_word' id='word_1_38' title='bbox 814 1094 987 1159; x_wconf 83' lang='lat' dir='ltr'>baniaavit</span> 
     </span>
     <span class='ocr_line' id='line_1_10' title="bbox 381 1183 876 1264; baseline 0.004 -20"><span class='ocrx_word' id='word_1_39' title='bbox 381 1218 384 1224; x_wconf 90' lang='lat'><em>-</em></span> <span class='ocrx_word' id='word_1_40' title='bbox 465 1183 581 1264; x_wconf 82' lang='lat' dir='ltr'>Atque</span> <span class='ocrx_word' id='word_1_41' title='bbox 606 1203 663 1247; x_wconf 89' lang='lat' dir='ltr'>eos</span> <span class='ocrx_word' id='word_1_42' title='bbox 688 1183 876 1260; x_wconf 86' lang='lat' dir='ltr'>execravit;</span> 
     </span>
     <span class='ocr_line' id='line_1_11' title="bbox 504 1271 935 1356; baseline 0 -22"><span class='ocrx_word' id='word_1_43' title='bbox 504 1271 588 1336; x_wconf 88' lang='lat' dir='ltr'>Post</span> <span class='ocrx_word' id='word_1_44' title='bbox 612 1272 655 1335; x_wconf 90' lang='lat' dir='ltr'>de</span> <span class='ocrx_word' id='word_1_45' title='bbox 678 1274 780 1335; x_wconf 88' lang='lat' dir='ltr'>nocte</span> <span class='ocrx_word' id='word_1_46' title='bbox 802 1272 935 1356; x_wconf 76' lang='lat' dir='ltr'>refugit</span> 
     </span>
    </p>
   </div>
   <div class='ocr_carea' id='block_1_4' title="bbox 138 1447 1152 1888">
    <p class='ocr_par' dir='ltr' id='par_1_4' title="bbox 138 1447 1152 1888">
     <span class='ocr_line' id='line_1_12' title="bbox 401 1447 1009 1532; baseline 0.007 -23"><span class='ocrx_word' id='word_1_47' title='bbox 401 1453 442 1510; x_wconf 85' lang='grc'>61</span> <span class='ocrx_word' id='word_1_48' title='bbox 468 1447 513 1512; x_wconf 79' lang='lat' dir='ltr'>Et</span> <span class='ocrx_word' id='word_1_49' title='bbox 536 1469 597 1532; x_wconf 91' lang='lat' dir='ltr'>per</span> <span class='ocrx_word' id='word_1_50' title='bbox 620 1448 851 1513; x_wconf 89' lang='lat' dir='ltr'>Moubardoni</span> <span class='ocrx_word' id='word_1_51' title='bbox 874 1452 1009 1514; x_wconf 88' lang='lat' dir='ltr'>montes</span> 
     </span>
     <span class='ocr_line' id='line_1_13' title="bbox 464 1537 1030 1622; baseline 0.002 -21"><span class='ocrx_word' id='word_1_52' title='bbox 464 1537 701 1602; x_wconf 74' lang='lat' dir='ltr'>Pontremuli⁰</span> <span class='ocrx_word' id='word_1_53' title='bbox 729 1538 875 1601; x_wconf 85' lang='lat' dir='ltr'>accessit</span> <span class='ocrx_word' id='word_1_54' title='bbox 898 1542 1030 1622; x_wconf 89' lang='lat' dir='ltr'>partes;</span> 
     </span>
     <span class='ocr_line' id='line_1_14' title="bbox 464 1625 1094 1710; baseline 0.005 -22"><span class='ocrx_word' id='word_1_55' title='bbox 464 1625 534 1705; x_wconf 80' lang='lat' dir='ltr'>Qui</span> <span class='ocrx_word' id='word_1_56' title='bbox 556 1626 708 1690; x_wconf 82' lang='lat' dir='ltr'>civitatis</span> <span class='ocrx_word' id='word_1_57' title='bbox 731 1627 858 1690; x_wconf 90' lang='lat' dir='ltr'>timens</span> <span class='ocrx_word' id='word_1_58' title='bbox 882 1627 1094 1710; x_wconf 82' lang='lat' dir='ltr'>nequitiaml</span> 
     </span>
     <span class='ocr_line' id='line_1_15' title="bbox 463 1715 1152 1798; baseline 0.001 -20"><span class='ocrx_word' id='word_1_59' title='bbox 463 1715 668 1779; x_wconf 89' lang='lat' dir='ltr'>Pisanorum</span> <span class='ocrx_word' id='word_1_60' title='bbox 690 1715 739 1780; x_wconf 94' lang='lat' dir='ltr'>ibi</span> <span class='ocrx_word' id='word_1_61' title='bbox 764 1717 959 1798; x_wconf 82' lang='lat' dir='ltr'>expectavit</span> <span class='ocrx_word' id='word_1_62' title='bbox 982 1715 1152 1793; x_wconf 90' lang='lat' dir='ltr'>militiam,</span> 
     </span>
     <span class='ocr_line' id='line_1_16' title="bbox 138 1799 1114 1888; baseline 0.005 -25"><span class='ocrx_word' id='word_1_63' title='bbox 138 1824 164 1863; x_wconf 80' lang='lat'>15</span> <span class='ocrx_word' id='word_1_64' title='bbox 313 1811 316 1816; x_wconf 90' lang='lat'>&#39;</span> <span class='ocrx_word' id='word_1_65' title='bbox 503 1802 591 1867; x_wconf 82' lang='lat' dir='ltr'>Cum</span> <span class='ocrx_word' id='word_1_66' title='bbox 615 1825 683 1886; x_wconf 88' lang='lat' dir='ltr'>qua</span> <span class='ocrx_word' id='word_1_67' title='bbox 706 1805 883 1888; x_wconf 85' lang='lat' dir='ltr'>profectus</span> <span class='ocrx_word' id='word_1_68' title='bbox 905 1799 997 1868; x_wconf 80' lang='lat' dir='ltr'>fuit‘l</span> <span class='ocrx_word' id='word_1_69' title='bbox 1016 1805 1114 1868; x_wconf 86' lang='lat' dir='ltr'><strong>Pisis.</strong></span> 
     </span>
    </p>
   </div>
   <div class='ocr_carea' id='block_1_5' title="bbox 182 1968 1303 2164">
    <p class='ocr_par' dir='ltr' id='par_1_5' title="bbox 182 1968 1303 2164">
     <span class='ocr_line' id='line_1_17' title="bbox 182 1968 1303 2075; baseline -0.001 -21"><span class='ocrx_word' id='word_1_70' title='bbox 182 1991 242 2055; x_wconf 89' lang='lat' dir='ltr'>De</span> <span class='ocrx_word' id='word_1_71' title='bbox 267 2011 371 2075; x_wconf 89' lang='lat' dir='ltr'>pace</span> <span class='ocrx_word' id='word_1_72' title='bbox 395 1995 436 2056; x_wconf 84' lang='lat' dir='ltr'>et</span> <span class='ocrx_word' id='word_1_73' title='bbox 460 1968 696 2056; x_wconf 78' lang='lat' dir='ltr'>concordia</span> <span class='ocrx_word' id='word_1_74' title='bbox 718 1991 841 2054; x_wconf 80' lang='lat' dir='ltr'>iacta</span> <span class='ocrx_word' id='word_1_75' title='bbox 863 1991 981 2056; x_wconf 89' lang='lat' dir='ltr'>inter</span> <span class='ocrx_word' id='word_1_76' title='bbox 1003 1991 1303 2075; x_wconf 83' lang='lat' dir='ltr'>imperatorem</span> 
     </span>
     <span class='ocr_line' id='line_1_18' title="bbox 272 2080 1217 2164; baseline -0.003 -20"><span class='ocrx_word' id='word_1_77' title='bbox 272 2084 314 2144; x_wconf 85' lang='lat' dir='ltr'>et</span> <span class='ocrx_word' id='word_1_78' title='bbox 337 2081 591 2144; x_wconf 89' lang='lat' dir='ltr'>Lonbardos</span> <span class='ocrx_word' id='word_1_79' title='bbox 614 2101 689 2164; x_wconf 93' lang='lat' dir='ltr'>per</span> <span class='ocrx_word' id='word_1_80' title='bbox 713 2101 919 2143; x_wconf 87' lang='lat' dir='ltr'>summum</span> <span class='ocrx_word' id='word_1_81' title='bbox 943 2080 1217 2164; x_wconf 84' lang='lat' dir='ltr'>pontificem.</span> 
     </span>
    </p>
   </div>
   <div class='ocr_carea' id='block_1_6' title="bbox 68 2212 1473 3450">
    <p class='ocr_par' dir='ltr' id='par_1_6' title="bbox 68 2212 1473 3450">
     <span class='ocr_line' id='line_1_19' title="bbox 289 2212 1367 2290; baseline 0.006 -14"><span class='ocrx_word' id='word_1_82' title='bbox 289 2213 516 2286; x_wconf 82' lang='lat' dir='ltr'>MGOXXVI,</span> <span class='ocrx_word' id='word_1_83' title='bbox 540 2213 732 2278; x_wconf 85' lang='lat' dir='ltr'>indictione</span> <span class='ocrx_word' id='word_1_84' title='bbox 755 2213 831 2290; x_wconf 90' lang='lat' dir='ltr'>XV,</span> <span class='ocrx_word' id='word_1_85' title='bbox 862 2214 1044 2279; x_wconf 82' lang='lat' dir='ltr'>demenso</span> <span class='ocrx_word' id='word_1_86' title='bbox 1069 2213 1232 2278; x_wconf 81' lang='lat' dir='ltr'>Octobris</span> <span class='ocrx_word' id='word_1_87' title='bbox 1259 2212 1303 2278; x_wconf 92' lang='lat' dir='ltr'>le·</span> <span class='ocrx_word' id='word_1_88' title='bbox 1322 2240 1367 2283; x_wconf 72' lang='lat' dir='ltr'>oa.</span> 
     </span>
     <span class='ocr_line' id='line_1_20' title="bbox 182 2301 1407 2386; baseline 0.003 -20"><span class='ocrx_word' id='word_1_89' title='bbox 182 2303 256 2386; x_wconf 73' lang='lat' dir='ltr'>gaii</span> <span class='ocrx_word' id='word_1_90' title='bbox 287 2303 412 2366; x_wconf 92' lang='lat' dir='ltr'>summi</span> <span class='ocrx_word' id='word_1_91' title='bbox 440 2301 613 2385; x_wconf 86' lang='lat' dir='ltr'>pontificis</span> <span class='ocrx_word' id='word_1_92' title='bbox 643 2322 722 2365; x_wconf 91' lang='lat' dir='ltr'>cnm</span> <span class='ocrx_word' id='word_1_93' title='bbox 755 2301 886 2364; x_wconf 90' lang='lat' dir='ltr'>domini</span> <span class='ocrx_word' id='word_1_94' title='bbox 915 2302 1133 2385; x_wconf 85' lang='lat' dir='ltr'>imperatoris</span> <span class='ocrx_word' id='word_1_95' title='bbox 1156 2301 1303 2365; x_wconf 77' lang='lat' dir='ltr'>*nuntiis</span> <span class='ocrx_word' id='word_1_96' title='bbox 1322 2327 1407 2376; x_wconf 60' lang='lat' dir='ltr'>mose.</span> 
     </span>
     <span class='ocr_line' id='line_1_21' title="bbox 136 2389 1304 2466; baseline 0.002 -16"><span class='ocrx_word' id='word_1_97' title='bbox 136 2411 165 2450; x_wconf 78' lang='lat' dir='ltr'>so</span> <span class='ocrx_word' id='word_1_98' title='bbox 182 2391 415 2454; x_wconf 90' lang='lat' dir='ltr'>Lonbardiam</span> <span class='ocrx_word' id='word_1_99' title='bbox 438 2391 619 2466; x_wconf 79' lang='lat' dir='ltr'>intrantes,</span> <span class='ocrx_word' id='word_1_100' title='bbox 643 2390 836 2454; x_wconf 85' lang='lat' dir='ltr'>rectoribus</span> <span class='ocrx_word' id='word_1_101' title='bbox 857 2391 1033 2454; x_wconf 88' lang='lat' dir='ltr'>societatis</span> <span class='ocrx_word' id='word_1_102' title='bbox 1048 2389 1244 2456; x_wconf 90' lang='lat' dir='ltr'>Lonbardie</span> <span class='ocrx_word' id='word_1_103' title='bbox 1268 2392 1304 2454; x_wconf 87' lang='lat' dir='ltr'>et</span> 
     </span>
     <span class='ocr_line' id='line_1_22' title="bbox 182 2478 1303 2562; baseline -0.001 -20"><span class='ocrx_word' id='word_1_104' title='bbox 182 2480 452 2562; x_wconf 87' lang='lat' dir='ltr'>uniuscuiusque</span> <span class='ocrx_word' id='word_1_105' title='bbox 469 2478 619 2543; x_wconf 85' lang='lat' dir='ltr'>civitatis</span> <span class='ocrx_word' id='word_1_106' title='bbox 635 2479 867 2562; x_wconf 84' lang='lat' dir='ltr'>potestatibus</span> <span class='ocrx_word' id='word_1_107' title='bbox 888 2499 929 2544; x_wconf 87' lang='lat' dir='ltr'>ex</span> <span class='ocrx_word' id='word_1_108' title='bbox 951 2483 1051 2562; x_wconf 91' lang='lat' dir='ltr'>parte</span> <span class='ocrx_word' id='word_1_109' title='bbox 1075 2479 1199 2542; x_wconf 89' lang='lat' dir='ltr'>summi</span> <span class='ocrx_word' id='word_1_110' title='bbox 1222 2499 1303 2562; x_wconf 94' lang='lat' dir='ltr'>pon·</span> 
     </span>
     <span class='ocr_line' id='line_1_23' title="bbox 164 2567 1302 2652; baseline 0 -21"><span class='ocrx_word' id='word_1_111' title='bbox 164 2568 285 2632; x_wconf 80' lang='lat' dir='ltr'>¹tiliois</span> <span class='ocrx_word' id='word_1_112' title='bbox 309 2568 549 2652; x_wconf 87' lang='lat' dir='ltr'>precipientes,</span> <span class='ocrx_word' id='word_1_113' title='bbox 572 2571 613 2630; x_wconf 93' lang='lat' dir='ltr'>ut</span> <span class='ocrx_word' id='word_1_114' title='bbox 636 2568 681 2631; x_wconf 89' lang='lat' dir='ltr'>ad</span> <span class='ocrx_word' id='word_1_115' title='bbox 705 2567 779 2632; x_wconf 90' lang='lat' dir='ltr'>eius</span> <span class='ocrx_word' id='word_1_116' title='bbox 802 2569 1011 2651; x_wconf 86' lang='lat' dir='ltr'>presentiam</span> <span class='ocrx_word' id='word_1_117' title='bbox 1036 2588 1097 2652; x_wconf 93' lang='lat' dir='ltr'>pro</span> <span class='ocrx_word' id='word_1_118' title='bbox 1121 2567 1302 2643; x_wconf 87' lang='lat' dir='ltr'>discordia,</span> 
     </span>
     <span class='ocr_line' id='line_1_24' title="bbox 183 2655 1303 2740; baseline 0.002 -21"><span class='ocrx_word' id='word_1_119' title='bbox 183 2677 286 2739; x_wconf 89' lang='lat' dir='ltr'>quam</span> <span class='ocrx_word' id='word_1_120' title='bbox 309 2677 388 2721; x_wconf 90' lang='lat' dir='ltr'>cum</span> <span class='ocrx_word' id='word_1_121' title='bbox 411 2656 551 2721; x_wconf 91' lang='lat' dir='ltr'>domino</span> <span class='ocrx_word' id='word_1_122' title='bbox 573 2657 781 2740; x_wconf 87' lang='lat' dir='ltr'>imperatore</span> <span class='ocrx_word' id='word_1_123' title='bbox 804 2657 990 2732; x_wconf 79' lang='lat' dir='ltr'>habebant,</span> <span class='ocrx_word' id='word_1_124' title='bbox 1019 2658 1182 2721; x_wconf 87' lang='lat' dir='ltr'>accedere</span> <span class='ocrx_word' id='word_1_125' title='bbox 1205 2655 1303 2721; x_wconf 91' lang='lat' dir='ltr'>debe·</span> 
     </span>
     <span class='ocr_line' id='line_1_25' title="bbox 182 2745 1303 2829; baseline 0 -21"><span class='ocrx_word' id='word_1_126' title='bbox 182 2747 292 2810; x_wconf 79' lang='lat' dir='ltr'>rent².</span> <span class='ocrx_word' id='word_1_127' title='bbox 328 2745 590 2810; x_wconf 81' lang='lat' dir='ltr'>Communioato</span> <span class='ocrx_word' id='word_1_128' title='bbox 613 2766 694 2810; x_wconf 85' lang='lat' dir='ltr'>vero</span> <span class='ocrx_word' id='word_1_129' title='bbox 718 2746 881 2810; x_wconf 88' lang='lat' dir='ltr'>conscilio</span> <span class='ocrx_word' id='word_1_130' title='bbox 905 2746 1039 2829; x_wconf 82' lang='lat' dir='ltr'>legatos</span> <span class='ocrx_word' id='word_1_131' title='bbox 1061 2746 1152 2809; x_wconf 83' lang='lat' dir='ltr'>viros</span> <span class='ocrx_word' id='word_1_132' title='bbox 1169 2745 1303 2810; x_wconf 91' lang='lat' dir='ltr'>nobiles</span> 
     </span>
     <span class='ocr_line' id='line_1_26' title="bbox 136 2834 1302 2919; baseline 0.003 -25"><span class='ocrx_word' id='word_1_133' title='bbox 136 2853 169 2906; x_wconf 52' lang='lat' dir='ltr'>a,</span> <span class='ocrx_word' id='word_1_134' title='bbox 182 2837 218 2899; x_wconf 89' lang='lat' dir='ltr'>et</span> <span class='ocrx_word' id='word_1_135' title='bbox 252 2835 440 2919; x_wconf 86' lang='lat' dir='ltr'>prudentes</span> <span class='ocrx_word' id='word_1_136' title='bbox 475 2835 519 2898; x_wconf 92' lang='lat' dir='ltr'>ad</span> <span class='ocrx_word' id='word_1_137' title='bbox 554 2835 680 2898; x_wconf 89' lang='lat' dir='ltr'>summi</span> <span class='ocrx_word' id='word_1_138' title='bbox 713 2834 887 2918; x_wconf 90' lang='lat' dir='ltr'>pontificis</span> <span class='ocrx_word' id='word_1_139' title='bbox 917 2835 1134 2900; x_wconf 87' lang='lat' dir='ltr'>maiestatem</span> <span class='ocrx_word' id='word_1_140' title='bbox 1165 2835 1302 2899; x_wconf 85' lang='lat' dir='ltr'>mittere</span> 
     </span>
     <span class='ocr_line' id='line_1_27' title="bbox 182 2923 1376 3008; baseline 0.003 -21"><span class='ocrx_word' id='word_1_141' title='bbox 182 2926 392 2988; x_wconf 89' lang='lat' dir='ltr'>statuerunt.</span> <span class='ocrx_word' id='word_1_142' title='bbox 439 2923 492 2989; x_wconf 92' lang='lat' dir='ltr'>De</span> <span class='ocrx_word' id='word_1_143' title='bbox 523 2943 639 2988; x_wconf 88' lang='lat' dir='ltr'>mense</span> <span class='ocrx_word' id='word_1_144' title='bbox 667 2927 785 2988; x_wconf 85' lang='lat' dir='ltr'>autem</span> <span class='ocrx_word' id='word_1_145' title='bbox 808 2923 996 2989; x_wconf 85' lang='lat' dir='ltr'>Novembri</span> <span class='ocrx_word' id='word_1_146' title='bbox 1019 2924 1085 3008; x_wconf 86' lang='lat' dir='ltr'>ipsi</span> <span class='ocrx_word' id='word_1_147' title='bbox 1109 2923 1217 3008; x_wconf 82' lang='lat' dir='ltr'>legati</span> <span class='ocrx_word' id='word_1_148' title='bbox 1240 2923 1302 2986; x_wconf 90' lang='lat' dir='ltr'>Bo·</span> <span class='ocrx_word' id='word_1_149' title='bbox 1326 2949 1376 2993; x_wconf 69' lang='lat' dir='ltr'>rav.</span> 
     </span>
     <span class='ocr_line' id='line_1_28' title="bbox 181 3013 1302 3098; baseline 0.001 -24"><span class='ocrx_word' id='word_1_150' title='bbox 181 3014 322 3076; x_wconf 80' lang='lat' dir='ltr'>nonium</span> <span class='ocrx_word' id='word_1_151' title='bbox 356 3013 569 3090; x_wconf 86' lang='lat' dir='ltr'>accedentes,</span> <span class='ocrx_word' id='word_1_152' title='bbox 605 3013 735 3078; x_wconf 87' lang='lat' dir='ltr'>ibidem</span> <span class='ocrx_word' id='word_1_153' title='bbox 770 3033 806 3076; x_wconf 87' lang='lat' dir='ltr'>se</span> <span class='ocrx_word' id='word_1_154' title='bbox 841 3016 1078 3098; x_wconf 85' lang='lat' dir='ltr'>expectantes,</span> <span class='ocrx_word' id='word_1_155' title='bbox 1113 3033 1232 3077; x_wconf 89' lang='lat' dir='ltr'>omnes</span> <span class='ocrx_word' id='word_1_156' title='bbox 1266 3032 1302 3076; x_wconf 90' lang='lat' dir='ltr'>se</span> 
     </span>
     <span class='ocr_line' id='line_1_29' title="bbox 68 3101 1473 3176; baseline 0.002 -11"><span class='ocrx_word' id='word_1_157' title='bbox 68 3123 103 3172; x_wconf 56' lang='grc' dir='ltr'>ψ.</span> <span class='ocrx_word' id='word_1_158' title='bbox 113 3123 162 3164; x_wconf 76' lang='lat' dir='ltr'>ua</span> <span class='ocrx_word' id='word_1_159' title='bbox 182 3102 465 3166; x_wconf 82' lang='lat' dir='ltr'>coadunaverunt</span> <span class='ocrx_word' id='word_1_160' title='bbox 474 3101 496 3163; x_wconf 80' lang='lat'>³.</span> <span class='ocrx_word' id='word_1_161' title='bbox 544 3101 625 3166; x_wconf 74' lang='lat' dir='ltr'>*Die</span> <span class='ocrx_word' id='word_1_162' title='bbox 655 3102 828 3166; x_wconf 90' lang='lat' dir='ltr'>dominico</span> <span class='ocrx_word' id='word_1_163' title='bbox 858 3123 950 3166; x_wconf 91' lang='lat' dir='ltr'>nono</span> <span class='ocrx_word' id='word_1_164' title='bbox 974 3101 1054 3165; x_wconf 86' lang='lat' dir='ltr'>Kal.</span> <span class='ocrx_word' id='word_1_165' title='bbox 1079 3101 1473 3176; x_wconf 63' lang='lat' dir='ltr'>Decembris⁴massnsi</span> 
     </span>
     <span class='ocr_line' id='line_1_30' title="bbox 181 3190 1300 3273; baseline -0.002 -20"><span class='ocrx_word' id='word_1_166' title='bbox 181 3191 249 3255; x_wconf 82' lang='lat' dir='ltr'>iter</span> <span class='ocrx_word' id='word_1_167' title='bbox 272 3210 391 3255; x_wconf 86' lang='lat' dir='ltr'>eornm</span> <span class='ocrx_word' id='word_1_168' title='bbox 414 3190 654 3273; x_wconf 86' lang='lat' dir='ltr'>proficiscendi</span> <span class='ocrx_word' id='word_1_169' title='bbox 676 3190 722 3254; x_wconf 91' lang='lat' dir='ltr'>ad</span> <span class='ocrx_word' id='word_1_170' title='bbox 738 3190 928 3254; x_wconf 85' lang='lat' dir='ltr'>Romanam</span> <span class='ocrx_word' id='word_1_171' title='bbox 945 3191 1076 3255; x_wconf 87' lang='lat' dir='ltr'>curiam</span> <span class='ocrx_word' id='word_1_172' title='bbox 1092 3190 1300 3255; x_wconf 84' lang='lat' dir='ltr'>direxerunt.</span> 
     </span>
     <span class='ocr_line' id='line_1_31' title="bbox 136 3277 1302 3361; baseline 0 -21"><span class='ocrx_word' id='word_1_173' title='bbox 136 3299 164 3340; x_wconf 79' lang='lat' dir='ltr'>so</span> <span class='ocrx_word' id='word_1_174' title='bbox 183 3277 250 3357; x_wconf 83' lang='lat' dir='ltr'>Qui</span> <span class='ocrx_word' id='word_1_175' title='bbox 274 3299 294 3342; x_wconf 85' lang='lat' dir='ltr'>a</span> <span class='ocrx_word' id='word_1_176' title='bbox 317 3298 450 3342; x_wconf 90' lang='lat' dir='ltr'>summo</span> <span class='ocrx_word' id='word_1_177' title='bbox 474 3279 638 3361; x_wconf 88' lang='lat' dir='ltr'>pontifice</span> <span class='ocrx_word' id='word_1_178' title='bbox 662 3281 698 3342; x_wconf 88' lang='lat' dir='ltr'>et</span> <span class='ocrx_word' id='word_1_179' title='bbox 721 3299 742 3341; x_wconf 92' lang='lat' dir='ltr'>a</span> <span class='ocrx_word' id='word_1_180' title='bbox 764 3279 918 3343; x_wconf 84' lang='lat' dir='ltr'>Romane</span> <span class='ocrx_word' id='word_1_181' title='bbox 950 3279 1043 3343; x_wconf 91' lang='lat' dir='ltr'>curie</span> <span class='ocrx_word' id='word_1_182' title='bbox 1067 3277 1302 3342; x_wconf 81' lang='lat' dir='ltr'>cardinalibus</span> 
     </span>
     <span class='ocr_line' id='line_1_32' title="bbox 181 3365 1301 3450; baseline -0.002 -20"><span class='ocrx_word' id='word_1_183' title='bbox 181 3369 286 3450; x_wconf 89' lang='lat' dir='ltr'>atque</span> <span class='ocrx_word' id='word_1_184' title='bbox 309 3367 391 3430; x_wconf 86' lang='lat' dir='ltr'>viris</span> <span class='ocrx_word' id='word_1_185' title='bbox 414 3365 588 3431; x_wconf 86' lang='lat' dir='ltr'>nobilibus</span> <span class='ocrx_word' id='word_1_186' title='bbox 612 3370 649 3430; x_wconf 87' lang='lat' dir='ltr'>et</span> <span class='ocrx_word' id='word_1_187' title='bbox 671 3367 893 3450; x_wconf 84' lang='lat' dir='ltr'>magnatibus</span> <span class='ocrx_word' id='word_1_188' title='bbox 916 3366 1012 3430; x_wconf 87' lang='lat' dir='ltr'>urbis</span> <span class='ocrx_word' id='word_1_189' title='bbox 1035 3367 1143 3431; x_wconf 88' lang='lat' dir='ltr'>Rome</span> <span class='ocrx_word' id='word_1_190' title='bbox 1173 3366 1301 3450; x_wconf 85' lang='lat' dir='ltr'>magni·</span> 
     </span>
    </p>
   </div>
   <div class='ocr_carea' id='block_1_7' title="bbox 180 3553 1302 3660">
    <p class='ocr_par' dir='ltr' id='par_1_7' title="bbox 180 3553 1302 3660">
     <span class='ocr_line' id='line_1_33' title="bbox 180 3553 1302 3608; baseline -0.003 -11"><span class='ocrx_word' id='word_1_191' title='bbox 180 3557 204 3608; x_wconf 73' lang='lat' dir='ltr'>a)</span> <span class='ocrx_word' id='word_1_192' title='bbox 217 3557 342 3598; x_wconf 77' lang='lat' dir='ltr'>Decimae.</span> <span class='ocrx_word' id='word_1_193' title='bbox 396 3556 411 3595; x_wconf 92' lang='lat' dir='ltr'>b</span> <span class='ocrx_word' id='word_1_194' title='bbox 434 3557 516 3596; x_wconf 66' lang='lat' dir='ltr'>eumd.</span> <span class='ocrx_word' id='word_1_195' title='bbox 531 3557 607 3604; x_wconf 59' lang='lat' dir='ltr'>Portu</span> <span class='ocrx_word' id='word_1_196' title='bbox 621 3556 679 3604; x_wconf 69' lang='lat' dir='ltr'>Quis</span> <span class='ocrx_word' id='word_1_197' title='bbox 694 3553 800 3597; x_wconf 70' lang='lat' dir='ltr'>lotardus</span> <span class='ocrx_word' id='word_1_198' title='bbox 815 3567 833 3598; x_wconf 80' lang='lat' dir='ltr'>c.</span> <span class='ocrx_word' id='word_1_199' title='bbox 888 3558 909 3604; x_wconf 89' lang='lat' dir='ltr'>c)</span> <span class='ocrx_word' id='word_1_200' title='bbox 922 3556 1047 3604; x_wconf 60' lang='lat' dir='ltr'>madum</span> <span class='ocrx_word' id='word_1_201' title='bbox 1060 3555 1104 3594; x_wconf 85' lang='lat' dir='ltr'>Per</span> <span class='ocrx_word' id='word_1_202' title='bbox 1117 3555 1257 3595; x_wconf 84' lang='lat' dir='ltr'>montremnll</span> <span class='ocrx_word' id='word_1_203' title='bbox 1271 3566 1302 3603; x_wconf 72' lang='lat' dir='ltr'>c.,¹</span> 
     </span>
     <span class='ocr_line' id='line_1_34' title="bbox 181 3608 1026 3660; baseline -0.002 -10"><span class='ocrx_word' id='word_1_204' title='bbox 181 3612 225 3650; x_wconf 88' lang='lat' dir='ltr'>Per</span> <span class='ocrx_word' id='word_1_205' title='bbox 239 3609 379 3651; x_wconf 84' lang='lat' dir='ltr'>Pontremuli</span> <span class='ocrx_word' id='word_1_206' title='bbox 413 3610 483 3656; x_wconf 83' lang='lat' dir='ltr'>.·Br.,·</span> <span class='ocrx_word' id='word_1_207' title='bbox 496 3608 533 3650; x_wconf 79' lang='lat' dir='ltr'>Ad</span> <span class='ocrx_word' id='word_1_208' title='bbox 546 3610 686 3650; x_wconf 85' lang='lat' dir='ltr'>Pontremnll</span> <span class='ocrx_word' id='word_1_209' title='bbox 700 3611 776 3658; x_wconf 70' lang='lat' dir='ltr'>Perta,⁸</span> <span class='ocrx_word' id='word_1_210' title='bbox 790 3611 819 3658; x_wconf 74' lang='lat' dir='ltr'>cf.</span> <span class='ocrx_word' id='word_1_211' title='bbox 833 3611 859 3650; x_wconf 89' lang='lat' dir='ltr'>P.</span> <span class='ocrx_word' id='word_1_212' title='bbox 915 3608 938 3660; x_wconf 89' lang='lat' dir='ltr'>d)</span> <span class='ocrx_word' id='word_1_213' title='bbox 952 3614 987 3649; x_wconf 83' lang='lat' dir='ltr'>est</span> <span class='ocrx_word' id='word_1_214' title='bbox 1000 3610 1026 3653; x_wconf 86' lang='grc' dir='ltr'>Ρ,</span> 
     </span>
    </p>
   </div>
   <div class='ocr_carea' id='block_1_8' title="bbox 134 3751 1303 4248">
    <p class='ocr_par' dir='ltr' id='par_1_8' title="bbox 136 3751 1302 3893">
     <span class='ocr_line' id='line_1_35' title="bbox 183 3751 1302 3822; baseline -0.004 -15"><span class='ocrx_word' id='word_1_215' title='bbox 183 3751 209 3822; x_wconf 90' lang='lat' dir='ltr'>l)</span> <span class='ocrx_word' id='word_1_216' title='bbox 227 3753 263 3804; x_wconf 76' lang='lat' dir='ltr'>Ia</span> <span class='ocrx_word' id='word_1_217' title='bbox 281 3753 369 3805; x_wconf 78' lang='lat' dir='ltr'>tribus</span> <span class='ocrx_word' id='word_1_218' title='bbox 392 3753 518 3805; x_wconf 62' lang='lat' dir='ltr'>memet</span> <span class='ocrx_word' id='word_1_219' title='bbox 535 3751 654 3804; x_wconf 58' lang='lat' dir='ltr'>roratas</span> <span class='ocrx_word' id='word_1_220' title='bbox 670 3753 781 3819; x_wconf 75' lang='lat' dir='ltr'>reliquit</span> <span class='ocrx_word' id='word_1_221' title='bbox 799 3751 976 3818; x_wconf 75' lang='lat' dir='ltr'>Godapnelluc</span> <span class='ocrx_word' id='word_1_222' title='bbox 994 3751 1151 3818; x_wconf 77' lang='lat' dir='ltr'>rhythmum</span> <span class='ocrx_word' id='word_1_223' title='bbox 1170 3751 1302 3819; x_wconf 69' lang='lat' dir='ltr'>imusque</span> 
     </span>
     <span class='ocr_line' id='line_1_36' title="bbox 136 3822 1302 3893; baseline 0.003 -21"><span class='ocrx_word' id='word_1_224' title='bbox 136 3831 164 3872; x_wconf 75' lang='lat' dir='ltr'>ro</span> <span class='ocrx_word' id='word_1_225' title='bbox 181 3825 312 3877; x_wconf 61' lang='lat' dir='ltr'>vatatam</span> <span class='ocrx_word' id='word_1_226' title='bbox 330 3831 385 3876; x_wconf 80' lang='lat' dir='ltr'>octo</span> <span class='ocrx_word' id='word_1_227' title='bbox 403 3823 572 3878; x_wconf 65' lang='lat' dir='ltr'>auctarum.</span> <span class='ocrx_word' id='word_1_228' title='bbox 647 3824 675 3893; x_wconf 82' lang='lat'>2)</span> <span class='ocrx_word' id='word_1_229' title='bbox 695 3823 739 3888; x_wconf 77' lang='lat' dir='ltr'>Of.</span> <span class='ocrx_word' id='word_1_230' title='bbox 757 3825 883 3892; x_wconf 65' lang='lat' dir='ltr'>epistolia</span> <span class='ocrx_word' id='word_1_231' title='bbox 901 3823 1021 3876; x_wconf 73' lang='lat' dir='ltr'>Honoris·</span> <span class='ocrx_word' id='word_1_232' title='bbox 1031 3823 1088 3888; x_wconf 89' lang='lat' dir='ltr'>III,</span> <span class='ocrx_word' id='word_1_233' title='bbox 1107 3823 1195 3889; x_wconf 77' lang='lat' dir='ltr'>Epist.</span> <span class='ocrx_word' id='word_1_234' title='bbox 1214 3822 1259 3878; x_wconf 74' lang='lat' dir='ltr'>al.</span> <span class='ocrx_word' id='word_1_235' title='bbox 1277 3823 1302 3887; x_wconf 91' lang='lat' dir='ltr'>I,</span> 
     </span>
    </p>

    <p class='ocr_par' dir='ltr' id='par_1_9' title="bbox 177 3893 1303 3964">
     <span class='ocr_line' id='line_1_37' title="bbox 177 3893 1303 3964; baseline -0.004 -14"><span class='ocrx_word' id='word_1_236' title='bbox 177 3912 207 3963; x_wconf 82' lang='lat' dir='ltr'>p.</span> <span class='ocrx_word' id='word_1_237' title='bbox 220 3897 385 3960; x_wconf 77' lang='lat'>234-236,</span> <span class='ocrx_word' id='word_1_238' title='bbox 410 3911 454 3949; x_wconf 84' lang='lat' dir='ltr'>nr.</span> <span class='ocrx_word' id='word_1_239' title='bbox 467 3897 529 3950; x_wconf 83' lang='lat'><strong>309.</strong></span> <span class='ocrx_word' id='word_1_240' title='bbox 547 3897 608 3950; x_wconf 84' lang='lat'><strong>310.</strong></span> <span class='ocrx_word' id='word_1_241' title='bbox 703 3895 732 3964; x_wconf 89' lang='grc'>3)</span> <span class='ocrx_word' id='word_1_242' title='bbox 758 3893 813 3947; x_wconf 82' lang='lat' dir='ltr'>Die</span> <span class='ocrx_word' id='word_1_243' title='bbox 830 3895 897 3950; x_wconf 82' lang='lat' dir='ltr'>Nor.</span> <span class='ocrx_word' id='word_1_244' title='bbox 911 3897 955 3950; x_wconf 87' lang='lat'>21.</span> <span class='ocrx_word' id='word_1_245' title='bbox 974 3897 1019 3950; x_wconf 88' lang='lat'>22.</span> <span class='ocrx_word' id='word_1_246' title='bbox 1037 3899 1148 3946; x_wconf 77' lang='lat' dir='ltr'>rectores</span> <span class='ocrx_word' id='word_1_247' title='bbox 1171 3896 1303 3946; x_wconf 57' lang='lat' dir='ltr'>amastis</span> 
     </span>
    </p>

    <p class='ocr_par' dir='ltr' id='par_1_10' title="bbox 181 3964 1301 4035">
     <span class='ocr_line' id='line_1_38' title="bbox 181 3964 1301 4035; baseline 0 -16"><span class='ocrx_word' id='word_1_248' title='bbox 181 3966 319 4019; x_wconf 67' lang='lat' dir='ltr'>Bormiae</span> <span class='ocrx_word' id='word_1_249' title='bbox 342 3967 446 4018; x_wconf 79' lang='lat' dir='ltr'>demam</span> <span class='ocrx_word' id='word_1_250' title='bbox 466 3971 658 4033; x_wconf 70' lang='lat' dir='ltr'>procuratores</span> <span class='ocrx_word' id='word_1_251' title='bbox 682 3967 719 4017; x_wconf 83' lang='lat' dir='ltr'>ad</span> <span class='ocrx_word' id='word_1_252' title='bbox 739 3982 844 4035; x_wconf 82' lang='lat' dir='ltr'>papam</span> <span class='ocrx_word' id='word_1_253' title='bbox 860 3967 1001 4018; x_wconf 80' lang='lat' dir='ltr'>mittendos</span> <span class='ocrx_word' id='word_1_254' title='bbox 1017 3967 1219 4030; x_wconf 63' lang='lat' dir='ltr'>auctumni,</span> <span class='ocrx_word' id='word_1_255' title='bbox 1238 3964 1301 4019; x_wconf 82' lang='lat' dir='ltr'>ibid.</span> 
     </span>
    </p>

    <p class='ocr_par' dir='ltr' id='par_1_11' title="bbox 177 4036 1302 4106">
     <span class='ocr_line' id='line_1_39' title="bbox 177 4036 1302 4106; baseline -0.005 -14"><span class='ocrx_word' id='word_1_256' title='bbox 177 4053 207 4103; x_wconf 77' lang='lat' dir='ltr'>p.</span> <span class='ocrx_word' id='word_1_257' title='bbox 220 4039 310 4092; x_wconf 75' lang='grc'><strong>240-</strong></span> <span class='ocrx_word' id='word_1_258' title='bbox 322 4039 384 4104; x_wconf 81' lang='lat'>242,</span> <span class='ocrx_word' id='word_1_259' title='bbox 402 4054 447 4090; x_wconf 76' lang='lat' dir='ltr'>nr.</span> <span class='ocrx_word' id='word_1_260' title='bbox 458 4039 624 4103; x_wconf 79' lang='lat'>319-321,</span> <span class='ocrx_word' id='word_1_261' title='bbox 642 4037 690 4089; x_wconf 70' lang='lat' dir='ltr'>ubi</span> <span class='ocrx_word' id='word_1_262' title='bbox 702 4039 791 4090; x_wconf 75' lang='lat' dir='ltr'>eodem</span> <span class='ocrx_word' id='word_1_263' title='bbox 803 4038 958 4103; x_wconf 72' lang='lat' dir='ltr'>forewerda,</span> <span class='ocrx_word' id='word_1_264' title='bbox 976 4052 1044 4106; x_wconf 80' lang='lat' dir='ltr'>quoe</span> <span class='ocrx_word' id='word_1_265' title='bbox 1060 4051 1148 4104; x_wconf 82' lang='lat' dir='ltr'>supro</span> <span class='ocrx_word' id='word_1_266' title='bbox 1166 4036 1184 4091; x_wconf 87' lang='lat' dir='ltr'>l.</span> <span class='ocrx_word' id='word_1_267' title='bbox 1195 4039 1239 4091; x_wconf 90' lang='lat'>22.</span> <span class='ocrx_word' id='word_1_268' title='bbox 1253 4037 1302 4090; x_wconf 81' lang='lat'>28:</span> 
     </span>
    </p>

    <p class='ocr_par' dir='ltr' id='par_1_12' title="bbox 134 4105 1301 4248">
     <span class='ocr_line' id='line_1_40' title="bbox 181 4105 1301 4176; baseline 0 -17"><span class='ocrx_word' id='word_1_269' title='bbox 181 4124 263 4175; x_wconf 87' lang='lat' dir='ltr'>super</span> <span class='ocrx_word' id='word_1_270' title='bbox 280 4107 425 4174; x_wconf 82' lang='lat' dir='ltr'>discordia,</span> <span class='ocrx_word' id='word_1_271' title='bbox 443 4124 526 4176; x_wconf 84' lang='lat' dir='ltr'>quam</span> <span class='ocrx_word' id='word_1_272' title='bbox 544 4107 649 4161; x_wconf 86' lang='lat' dir='ltr'>habent</span> <span class='ocrx_word' id='word_1_273' title='bbox 667 4124 730 4161; x_wconf 90' lang='lat' dir='ltr'>cum</span> <span class='ocrx_word' id='word_1_274' title='bbox 749 4106 861 4161; x_wconf 92' lang='lat' dir='ltr'>domino</span> <span class='ocrx_word' id='word_1_275' title='bbox 879 4106 1028 4162; x_wconf 69' lang='lat' dir='ltr'>Proderico</span> <span class='ocrx_word' id='word_1_276' title='bbox 1044 4105 1233 4160; x_wconf 82' lang='lat' dir='ltr'>Romanorum</span> <span class='ocrx_word' id='word_1_277' title='bbox 1251 4105 1301 4159; x_wconf 87' lang='lat' dir='ltr'>im-</span> 
     </span>
     <span class='ocr_line' id='line_1_41' title="bbox 134 4180 1018 4248; baseline 0.001 -15"><span class='ocrx_word' id='word_1_278' title='bbox 134 4194 164 4233; x_wconf 67' lang='lat' dir='ltr'>no</span> <span class='ocrx_word' id='word_1_279' title='bbox 181 4181 308 4246; x_wconf 81' lang='lat' dir='ltr'>peratore</span> <span class='ocrx_word' id='word_1_280' title='bbox 325 4186 369 4234; x_wconf 77' lang='lat' dir='ltr'>etc.</span> <span class='ocrx_word' id='word_1_281' title='bbox 441 4181 470 4248; x_wconf 84' lang='lat'>4)</span> <span class='ocrx_word' id='word_1_282' title='bbox 489 4181 555 4235; x_wconf 83' lang='lat' dir='ltr'>Nor.</span> <span class='ocrx_word' id='word_1_283' title='bbox 567 4183 612 4235; x_wconf 84' lang='lat'>23.</span> <span class='ocrx_word' id='word_1_284' title='bbox 630 4181 687 4245; x_wconf 74' lang='lat' dir='ltr'>fuit</span> <span class='ocrx_word' id='word_1_285' title='bbox 705 4196 730 4234; x_wconf 83' lang='lat' dir='ltr'>a.</span> <span class='ocrx_word' id='word_1_286' title='bbox 745 4181 823 4235; x_wconf 82' lang='lat'><strong>1226.</strong></span> <span class='ocrx_word' id='word_1_287' title='bbox 842 4181 898 4232; x_wconf 79' lang='lat' dir='ltr'>dies</span> <span class='ocrx_word' id='word_1_288' title='bbox 916 4180 1018 4234; x_wconf 77' lang='lat' dir='ltr'>Lunae.</span> 
     </span>
    </p>
   </div>
   <div class='ocr_carea' id='block_1_9' title="bbox 1052 4286 1086 4342">
    <p class='ocr_par' dir='ltr' id='par_1_13' title="bbox 1052 4286 1086 4342">
     <span class='ocr_line' id='line_1_42' title="bbox 1052 4286 1086 4342; baseline 0 -20"><span class='ocrx_word' id='word_1_289' title='bbox 1052 4286 1086 4342; x_wconf 65' lang='lat'>6*</span> 
     </span>
    </p>
   </div>
   <div class='ocr_carea' id='block_1_10' title="bbox 0 0 1560 4856">
    <p class='ocr_par' dir='ltr' id='par_1_14' title="bbox 0 0 1560 4856">
     <span class='ocr_line' id='line_1_43' title="bbox 0 0 1560 4856; baseline 0 0"><span class='ocrx_word' id='word_1_290' title='bbox 0 0 1560 4856; x_wconf 95' lang='lat' dir='ltr'> </span> 
     </span>
    </p>
   </div>
  </div>
 </body>
</html>
