3112 4856
352 259 543 314 IOHANNIS
561 259 809 315 OODAGNELLI
827 260 1009 316 ANNALES
1027 263 1062 318 A.
1078 264 1155 319 1228.
1275 267 1311 320 87

190 444 304 526 ipsum
333 447 455 509 eontra
484 466 584 508 usum
615 448 651 510 et
683 447 844 508 naturam
878 416 1080 511 indecinter
1115 411 1409 526 exerce're1;1ees.

192 531 346 615 *cognite
369 533 509 617 quidem
532 535 679 599 veritate
704 535 972 599 destructionem
990 535 1144 600 Romane
1167 536 1311 601 ecclesie
1331 563 1420 611 sesso.

191 621 321 704 pariter
344 625 380 686 et
401 623 511 686 totius
536 622 639 687 Italic
663 622 913 688 desolationem
935 623 1131 688 omnimode
1158 628 1311 690 statuere

192 713 227 773 et
250 709 410 775 ordinare
433 700 718 795 proposuissetet,
743 712 834 794 quod
860 711 1012 776 deterius
1042 715 1078 777 et
1104 713 1243 796 gravius
1265 712 1312 778 vi-
1424 679 1449 748 s
1463 689 1485 753 7

155 823 168 862 s
192 800 302 876 detur,
326 800 364 862 in
388 801 741 865 excommunicatione
761 822 823 884 per
837 804 908 865 tres
924 821 1031 864 annos
1048 821 1281 884 perseverasse
1289 803 1310 879 ²,
1317 799 1340 873 s
1424 781 1447 843 s
1455 794 1483 861 7

191 887 312 951 habito
347 909 482 972 quoque
511 889 674 954 conscilio
704 889 855 954 virorum
886 890 1081 973 sapientum
1112 894 1147 954 et
1177 891 1311 974 religio-

191 997 317 1054 sorum,
349 998 427 1042 cum
456 981 529 1042 tam
560 1000 683 1062 magne
713 978 868 1061 nequitie
898 1000 938 1042 ee
962 979 1104 1062 perfidie
1127 1000 1198 1043 non
1222 982 1311 1044 esset

192 1065 671 1149 adquiescendumzsnuntios
696 1088 774 1132 suos
797 1088 858 1151 per
881 1069 1078 1131 universum
1103 1053 1229 1132 dire'xit
1251 1069 1311 1131 im·
1439 1047 1511 1120 W

192 1141 335 1238 pirium,
371 1158 519 1221 eundem
554 1157 887 1222 excommunicatum
923 1159 958 1220 et
988 1143 1180 1221 hereticum
1211 1158 1311 1222 deno·
1464 1175 1492 1229 ι

147 1270 173 1307 10
190 1239 312 1321 tando;
338 1266 456 1310 omnes
479 1267 560 1310 vero
584 1247 698 1329 aliqua
723 1246 893 1310 fidelitate
917 1246 1090 1311 subiectos
1114 1249 1149 1311 et
1172 1246 1311 1311 vinculo
1468 1263 1493 1310 e

192 1335 398 1398 sacramenti
428 1335 539 1399 eidem
569 1336 750 1399 astrictos⁸
778 1334 917 1418 penitus
947 1334 1096 1399 absolvit
1126 1339 1162 1399 et
1185 1336 1312 1401 delibe·
1330 1365 1442 1414 (tamn.

190 1420 339 1485 revises
375 1422 462 1486 Cum
509 1444 662 1487 summus
707 1424 865 1508 pontifex
904 1426 1125 1506 cognosceret
1163 1424 1311 1508 spiritali

191 1505 329 1592 gladiol
357 1515 478 1576 contra
501 1513 680 1596 perfidiam
704 1533 744 1577 ac
768 1512 959 1594 nequitiam
977 1513 1195 1596 imperatoris
1210 1523 1311 1577 suum

191 1600 332 1664 minime
360 1621 459 1684 posse
483 1587 641 1666 exercere
671 1586 831 1676 offitium,
864 1601 1252 1666 excommunicationem
1275 1604 1311 1666 et

148 1713 173 1751 ιδ
191 1689 356 1753 mandata
379 1693 498 1754 sancte
520 1690 674 1754 Romane
691 1689 834 1755 ecclesie
849 1673 990 1754 minime
1005 1670 1166 1768 timens⁰‚
1191 1691 1312 1756 habito

191 1798 326 1861 quoque
357 1779 520 1843 conscilio
550 1772 701 1843 virerum
724 1764 929 1863 sapientum,
961 1779 1165 1843 clericorum
1195 1783 1231 1875 et
1253 1779 1313 1842 lai·

192 1887 319 1944 eorum,
335 1860 357 1917 s
359 1868 526 1931 auxilium
562 1889 582 1931 a
620 1872 739 1932 sancte
777 1869 930 1932 Romane
969 1868 1112 1933 ecclesie
1151 1868 1312 1934 fidelibus

192 1952 416 2039 postulans,
434 1977 512 2021 cum
529 1957 575 2020 sit
591 1958 753 2021 astrictus
769 1958 846 2022 iura
862 1961 897 2022 et
913 1957 1143 2041 possessiones
1158 1958 1312 2022 Romane

192 2045 335 2111 ecclesie
359 2046 546 2111 defendere
570 2050 606 2111 et
629 2038 863 2111 menutenere.
898 2046 1037 2110 Iustum
1059 2047 1151 2111 euim
1175 2050 1210 2111 et
1233 2046 1312 2130 ydo

147 2159 174 2197 eo
191 2153 295 2198 neum
311 2136 449 2199 videtur
462 2136 622 2200 resistere
638 2136 795 2219 superbo,
818 2157 861 2200 ne
878 2137 988 2219 possit
1002 2136 1198 2220 superbiam
1215 2155 1311 2199 suam
1331 2165 1468 2214 cerame
1512 2158 1551 2225 42

192 2244 359 2289 exercere.
395 2223 441 2287 sn
457 2225 596 2307 quidam
613 2226 765 2307 sapiens:
790 2223 1014 2304 Respondeas
1034 2223 1127 2287 stulto
1142 2223 1313 2288 secumdam
1331 2253 1467 2303 naseas.

192 2311 359 2377 stultitiam
382 2330 547 2392 saumae
570 2311 632 2376 sibi
654 2311 801 2377 videnter
822 2310 961 2393 sepiens.
996 2312 1042 2375 Et
1059 2312 1158 2376 alibi:
1182 2310 1313 2375 Boama
1431 2307 1433 2312 ’

193 2406 238 2464 est
266 2400 412 2485 resistere
441 2399 551 2466 olicae
579 2399 787 2482 rapientibus,
820 2422 860 2464 me
889 2421 928 2464 eii
957 2399 1180 2464 consuetudine
1209 2397 1313 2464 simite

192 2488 305 2568 faeiat.
348 2489 507 2571 Raptores
529 2489 634 2570 etiem,
659 2510 699 2554 me
721 2490 761 2554 ab
785 2488 863 2554 otiis
886 2487 1019 2553 timendi
1041 2487 1115 2570 siat,
1140 2487 1262 2570 costipa
1285 2495 1315 2553 et

147 2603 174 2643 es
193 2577 330 2643 cohibet
365 2579 474 2644 Item:
500 2579 551 2643 Ne
568 2577 716 2660 paciaris
737 2572 937 2658 maleficumf
958 2575 1070 2642 eicere.
1118 2577 1314 2642 Postulavit
1326 2608 1481 2658 raesens.

192 2668 301 2753 igitur
324 2689 476 2732 summus
500 2669 658 2752 pontifex
682 2689 702 2732 a
717 2668 908 2733 rectoribus
923 2667 1101 2732 societatis
1116 2666 1312 2731 Lonberdie

193 2757 344 2822 militum
368 2758 560 2824 subsidium
584 2752 699 2822 mense
724 2744 934 2841 Septembri3
964 2755 1046 2839 qui⁶
1069 2776 1147 2820 oum
1171 2757 1215 2820 ed
1238 2755 1313 2820 eius
1332 2785 1390 2835 aas.
1476 2752 1500 2806 s

193 2848 402 2930 presentiam
426 2868 487 2930 pro
503 2847 577 2911 iure
601 2850 637 2911 et
653 2847 788 2911 ratione
803 2850 923 2910 sancte
938 2846 1059 2910 matris
1076 2845 1220 2928 eeelesie
1239 2865 1313 2928 pro·

191 2937 343 3020 tegenda
373 2940 409 3001 et
439 2920 698 3000 manutenenda
723 2929 1003 3019 [accessnsentsst
1035 2933 1167 2999 *actum
1197 2936 1250 2998 est
1277 2938 1313 2998 et
1332 2962 1418 3010 »psa
1512 2921 1549 2996 ἔκ

148 3049 174 3088 so
193 3028 364 3089 statutum
389 3045 409 3088 a
431 3025 624 3090 rectoribus
647 3026 802 3108 predicte
826 3022 1038 3089 societatis!
1056 3023 1103 3087 Et
1126 3027 1211 3088 tunc
1235 3043 1313 3105 que·
1435 3040 1504 3122 sp

193 3114 280 3213 litet
304 3114 435 3190 civitas,
459 3117 564 3197 prout
579 3115 612 3178 ei
628 3117 797 3177 statutum
815 3114 894 3190 fuit,
919 3133 1026 3196 usque
1044 3113 1088 3176 ad
1105 3133 1163 3177 sex
1179 3131 1313 3176 menses

194 3203 275 3266 dare
300 3187 457 3286 pronfisit
480 3205 516 3266 et
540 3203 664 3266 statuit
688 3202 732 3265 ad
752 3203 942 3266 communis
959 3201 1110 3265 civitatis
1126 3187 1313 3265 cuiu'slibet

194 3277 369 3375 expensas.
417 3290 572 3373 Cumque
602 3291 668 3373 ipsi
699 3291 827 3354 milites
851 3290 947 3373 equis
971 3292 1006 3354 et
1030 3289 1134 3352 armis
1157 3292 1193 3353 et
1215 3289 1313 3351 indu·

194 3380 319 3444 mentis
343 3383 379 3445 et
401 3379 612 3444 ornamentis
635 3378 889 3463 pretiosissimis
917 3377 1054 3461 egregie
1085 3380 1121 3441 et
1151 3377 1314 3442 decenter

148 3495 174 3535 es
194 3461 308 3534 essent
324 3455 508 3553 preparati,
526 3469 705 3532 credentes
721 3467 865 3530 firmiter
877 3467 921 3530 ad
934 3465 1065 3530 domini
1082 3486 1169 3549 pape
1182 3465 1312 3530 curiam

193 3643 216 3692 a)
230 3643 312 3685 mena.
327 3643 402 3689 Perr2,·
417 3640 503 3681 effictos
517 3653 533 3684 e.
588 3641 611 3690 b)
625 3640 706 3682 mend.
719 3638 816 3686 H.·Br.,·
829 3636 912 3688 gaudto
926 3650 945 3682 e.
999 3637 1021 3688 c)
1039 3639 1070 3678 ete
1083 3649 1108 3688 a,
1123 3639 1150 3686 ef,
1164 3649 1233 3687 supro
1242 3638 1312 3689 path,

193 3697 245 3739 mh.
293 3694 317 3746 d)
334 3698 416 3736 emend.
431 3696 524 3745 H.·Br.,·
538 3694 664 3744 postularet
676 3705 693 3736 e.
740 3692 762 3743 e)
775 3691 913 3742 respondens
926 3704 943 3736 e.
990 3691 1179 3742 omelsflrlume.
1226 3691 1249 3743 g)
1262 3703 1313 3741 sup·

189 3751 262 3800 pleeip
276 3760 317 3793 om.
327 3759 359 3798 c.,·
373 3749 530 3791 convenissent
539 3749 602 3788 Perre
611 3759 654 3787 noes
664 3757 724 3786 mere
733 3747 916 3795 Oedopnelttena·
929 3746 958 3794 cs.
970 3757 995 3796 p.
1004 3746 1038 3796 8³,
1053 3746 1068 3788 l.
1077 3745 1111 3786 28.
1121 3757 1146 3796 p.
1155 3745 1189 3796 85,
1205 3746 1220 3785 l.
1232 3746 1265 3788 10.
1274 3749 1313 3785 ete.

195 3893 221 3960 1)
247 3893 348 3948 a-Br.
366 3893 503 3945 adnotaret
526 3893 656 3944 uentrem
681 3890 758 3942 iltius
781 3890 908 3956 temporie
928 3893 1039 3955 praeter
1058 3887 1248 3953 Oodapaetlum
1266 3887 1314 3939 hoe

148 3988 176 4026 40
189 3964 274 4031 plene
290 3965 459 4018 conmndr'eee.
531 3964 560 4029 2)
580 3962 672 4015 Decem
690 3961 823 4014 memmae
836 3967 982 4028 postquam
999 3961 1187 4026 imperatorem
1205 3960 1236 4011 tn
1255 3973 1314 4011 serr·

194 4037 302 4088 tentmm
329 4035 613 4088 excommunicationis
639 4035 763 4086 incidisse
787 4033 984 4101 pronuntiavit,
1009 4046 1087 4099 popa
1113 4029 1231 4082 amaea
1257 4031 1314 4082 etus

193 4109 344 4158 iuramento
353 4107 491 4172 fidelitatis
503 4106 620 4160 absolvit.
670 4107 697 4172 3)
714 4106 789 4169 Quod
797 4105 851 4159 Iret.
859 4107 902 4160 31.
912 4104 990 4168 fectu
1002 4103 1066 4168 me.
1076 4102 1145 4170 Imp.
1154 4118 1198 4156 rr.
1206 4102 1315 4167 osaea·

194 4177 229 4242 cf.
249 4178 353 4229 litteras
373 4193 463 4246 popae
488 4178 567 4228 dotas
585 4177 656 4242 Aap.
670 4178 712 4231 30.
732 4178 776 4242 31,
802 4177 889 4244 Epist.
907 4176 953 4230 eet.
972 4175 997 4240 1,
1019 4191 1048 4242 p.
1062 4175 1113 4228 731
1127 4190 1175 4240 eq„
1194 4189 1238 4227 nr.
1251 4174 1313 4228 831.

193 4252 223 4318 4)
240 4246 350 4301 Bonum
364 4246 508 4302 -cohibe
526 4247 574 4299 adt
589 4248 693 4313 scripte
709 4249 774 4312 sint,
791 4249 884 4303 neseio.
957 4247 985 4314 δ)
1006 4245 1067 4300 Scit.
1086 4250 1206 4299 rectores.
