3118 4840
263 342 298 393 34
423 335 613 391 IOHANNIS
630 334 876 389 CCDAGNELLI
895 333 1076 389 ANNALES
1095 335 1130 390 A.
1145 337 1221 391 1208.

168 532 244 585 1201.
263 522 300 585 in
331 541 449 586 eorum
480 520 633 584 subsidio
666 539 838 602 perexere.
892 517 979 582 Cum
1014 522 1130 583 autem
1167 520 1211 582 ad
1246 519 1384 582 locuml

263 610 324 674 ubi
347 614 421 674 erat
444 609 592 694 populus
616 608 732 672 Brixie
755 609 1098 691 appropinquassent,
1128 607 1235 672 tensis
1259 607 1384 690 aquilis

264 703 300 763 et
322 698 417 763 tubis
441 697 575 763 bellicis
598 717 659 782 per
682 701 798 782 partes
822 695 1026 761 sonantibus
1042 696 1187 778 prelium
1205 696 1382 779 incipitur,

264 790 300 851 et
339 786 469 852 dictum
514 785 682 870 populum
721 785 837 850 Brixie
879 785 1032 868 undique
1070 785 1382 850 circumdederunt.

264 876 393 939 Verum
416 876 497 958 quia
521 896 625 959 parva
654 874 759 939 turba
788 894 869 958 sepe
900 877 1082 958 superatur
1112 894 1133 937 a
1161 895 1296 958 magna,
1329 873 1421 937 illis

265 966 307 1028 de
331 964 459 1048 populo
484 963 599 1028 Brixie
623 985 644 1027 a
667 962 955 1028 Cremonensibus
979 965 1015 1027 et
1037 963 1207 1028 militibus
1231 962 1383 1028 Brixien-

264 1053 358 1118 sibus
382 1054 536 1136 superati
557 1053 672 1130 fuere;
703 1051 782 1115 illos
813 1056 929 1117 autem
959 1072 1044 1134 quos
1067 1051 1207 1116 voluere
1234 1055 1270 1116 et
1293 1073 1383 1116 caro-

265 1144 356 1206 cium
372 1141 488 1206 Brixie
508 1144 586 1226 post
610 1161 667 1206 eos
690 1141 820 1205 victum
838 1141 1042 1206 Cremonam
1065 1144 1101 1205 et
1123 1160 1184 1225 per
1207 1141 1383 1205 civitatem

265 1229 433 1295 Cremone
457 1231 600 1306 duxere;
638 1230 814 1294 civitatem
845 1249 980 1312 quoque
1004 1229 1120 1294 Brixia
1149 1229 1187 1292 in
1219 1250 1325 1293 manu
1348 1233 1383 1294 et

264 1319 394 1384 virtute
417 1319 567 1383 militum
592 1318 707 1383 Brixie
731 1318 912 1383 dederunt.
959 1317 1026 1397 Qui
1054 1339 1111 1382 eos
1135 1339 1220 1401 quos
1243 1317 1431 1383 volucrem

265 1408 308 1472 de
333 1408 460 1491 populo
484 1411 650 1492 ceperunt
673 1411 709 1472 et
730 1408 768 1470 in
793 1427 928 1471 carcere
943 1407 1169 1484 recluserunt,
1194 1407 1280 1471 alios
1302 1426 1384 1471 vero

266 1499 361 1560 extra
393 1497 567 1561 civitatem
598 1496 816 1580 expulerunt.
864 1494 1019 1578 Cumque
1051 1516 1112 1579 per
1135 1517 1193 1560 sex
1217 1516 1324 1560 annos
1347 1495 1384 1558 in

264 1586 434 1651 seditione
457 1589 741 1670 perseverassent,
766 1585 883 1648 divina
906 1585 1047 1648 favente
1063 1585 1297 1649 misericordia
1318 1605 1383 1667 pax

133 1650 246 1770 (0323
266 1679 301 1740 et
324 1675 507 1739 concordia
536 1675 628 1739 inter
651 1673 818 1758 populum
849 1676 885 1738 et
908 1672 1036 1737 milites
1061 1673 1177 1738 Brixie
1201 1677 1254 1738 est
1277 1693 1384 1737 suora-

168 1775 245 1829 1208.
266 1764 390 1828 mentis
414 1763 649 1828 coroboratai.
691 1761 767 1841 Quo
790 1762 886 1827 facto
909 1763 945 1825 in
969 1761 1169 1840 MCCVIII,
1194 1761 1384 1826 indictione
1405 1787 1431 1825 u

189 1879 244 1928 ur.
265 1853 328 1929 XI,
346 1872 462 1917 mense
474 1851 604 1935 Aprilis
619 1851 895 1916 Mediolanenses
911 1853 947 1914 et
959 1850 1155 1915 Placentini
1171 1851 1384 1934 aliorumque

265 1942 452 2005 amicorum
476 1961 594 2005 eorum
619 1939 727 2024 legati
751 1939 928 2004 civitatem
951 1939 1067 2004 Brixis
1090 1940 1304 2016 accedentes,
1329 1939 1385 2003 do·

265 2029 397 2093 minum
420 2027 615 2094 Guidonem
639 2028 785 2112 Lupum,
814 2028 967 2092 eiusdem
991 2029 1142 2093 civitatis
1166 2031 1384 2112 potestatem,

265 2119 393 2182 milites
409 2121 446 2182 et
457 2117 626 2202 populum
643 2117 796 2182 eiusdem
807 2120 899 2182 terre
912 2122 1083 2200 rogantes,
1101 2120 1141 2180 ut
1152 2118 1384 2181 iuramentum

165 2241 167 2244 ·
265 2207 441 2272 societatis
469 2206 663 2271 Lonbardie
694 2227 786 2271 more
817 2205 919 2270 solito
949 2207 1063 2271 facere
1094 2206 1270 2271 deberent.
1317 2205 1386 2285 Qui
1405 2233 1433 2270 20

265 2317 343 2361 cum
372 2296 408 2359 in
440 2295 581 2361 civitate
611 2295 673 2359 illa
702 2295 849 2379 quedam
879 2295 997 2378 turpia
1027 2298 1062 2361 et
1091 2295 1276 2360 inhonesta
1298 2315 1386 2359 com-

265 2385 423 2462 misisset,
455 2388 707 2450 sacramentum
737 2384 826 2449 illud
849 2406 919 2448 non
942 2404 1015 2449 esse
1038 2385 1215 2449 iacturum
1238 2405 1386 2468 pronun-

161 2495 246 2543 Ἦρα.
264 2474 375 2551 tiuvit,
405 2474 509 2538 etiam
533 2474 570 2536 in
594 2474 734 2539 civitate
757 2473 819 2536 illa
843 2476 1006 2558 precepto
1030 2476 1066 2537 et
1090 2472 1285 2538 *voluntate
1309 2471 1386 2536 Cre·

265 2563 480 2628 monensium
511 2583 584 2627 esse
615 2563 826 2626 affirmans&
882 2562 982 2626 Unde
1015 2566 1088 2626 tam
1124 2562 1252 2626 milites
1282 2583 1385 2644 quam

266 2653 399 2738 pedites
438 2651 590 2716 eiusdem
630 2651 781 2715 civitatis
816 2651 933 2715 Brixie
972 2651 1135 2715 commoti
1172 2651 1386 2733 nimiumque
1406 2678 1434 2716 ss

267 2741 401 2804 turbati
424 2740 620 2823 predictum
642 2740 874 2804 iuramentum
899 2759 1017 2803 omnes
1041 2740 1257 2804 concorditer
1272 2739 1386 2804 fecere

267 2831 383 2912 preter
404 2828 509 2892 XXX
541 2828 597 2892 vel
627 2828 690 2891 XL
725 2829 877 2892 eiusdem
913 2831 1004 2892 terre
1039 2828 1178 2906 milites,
1213 2829 1273 2911 qui
1308 2849 1386 2892 oum

150 2940 245 2990 (uaso).
267 2917 387 2983 eadem
410 2919 583 3000 potestate
613 2917 656 2980 de
686 2937 727 2981 ea
757 2916 898 2981 civitate
920 2917 1071 3000 turpiter
1094 2911 1271 2982 extersit
1319 2916 1388 2996 Qui
1413 2957 1417 2963 -

268 3006 312 3070 ad
327 3005 441 3071 locum
458 3004 671 3069 Pontis-vici
688 3005 890 3070 accedentes
905 3006 1019 3089 ipsum
1042 3006 1156 3070 locum
1180 3010 1216 3070 et
1239 3006 1386 3089 quedam

268 3095 336 3159 alia
370 3094 520 3178 plurima
553 3094 590 3157 in
625 3114 688 3157 sua
716 3094 826 3158 forcia
854 3094 1022 3159 tulerunt.
1077 3095 1202 3159 Postea
1232 3116 1312 3160 vero
1346 3097 1387 3158 ut
1407 3122 1434 3161 so

268 3184 424 3248 homines
455 3183 587 3247 modice
618 3182 700 3248 fidei
731 3186 766 3247 et
796 3183 883 3248 tacti
914 3183 1067 3267 maligno
1097 3184 1221 3266 spiritu
1253 3185 1387 3248 dictum

268 3273 382 3337 locum
407 3271 694 3337 Cremonensibus
723 3273 909 3348 dederunt;
941 3274 1035 3336 unde
1067 3267 1180 3355 {nonii
1214 3273 1386 3337 modicum

268 3458 290 3503 s)
304 3455 384 3494 entend.
395 3454 492 3502 H.·Br.,·
506 3464 662 3494 cremonenses
674 3464 722 3494 esse
737 3453 875 3494 affirmantes
884 3466 901 3497 c.
943 3455 965 3501 b)
980 3455 1042 3494 exire
1052 3466 1069 3492 c.
1111 3456 1131 3502 e)
1145 3456 1218 3504 suppl.
1229 3456 1305 3504 Parte,¹
1320 3466 1361 3497 em.
1371 3467 1389 3498 c.

269 3607 296 3672 1)
318 3605 500 3671 (luminatum
518 3606 554 3669 of.
573 3606 684 3658 Sicanii
701 3605 791 3672 Crem,
810 3607 882 3660 Anu.
903 3605 1031 3670 Cranen„
1050 3607 1122 3659 Anu.
1142 3607 1223 3660 Briu.
1243 3625 1269 3674 p.
1282 3609 1336 3662 815
1347 3621 1387 3674 sp.

268 3676 299 3728 de
317 3677 360 3728 itis
377 3677 464 3731 rebus.
517 3676 547 3744 2)
566 3677 609 3741 Cf.
628 3682 732 3728 curtum
750 3679 843 3729 mium
861 3692 886 3731 a.
901 3679 978 3732 taut.
1000 3676 1052 3731 Oct.
1065 3679 1109 3742 26,
1130 3677 1237 3730 Odorici
1254 3678 1270 3732 l.
1289 3679 1307 3733 i.
1323 3678 1387 3742 VII,
1407 3690 1434 3729 st

266 3765 294 3816 p.
307 3749 422 3802 40-43
435 3764 479 3802 nr.
492 3750 560 3814 241,·
578 3749 612 3811 ef.
626 3749 698 3802 dnn.
711 3749 792 3803 Bria.
805 3766 835 3816 p.
848 3750 910 3803 816.
965 3747 993 3816 3)
1014 3747 1089 3811 uum
1101 3765 1185 3802 mense
1197 3750 1273 3801 Maio
1285 3749 1387 3812 foetum

269 3833 322 3870 esse
332 3820 456 3883 referunt
467 3819 540 3873 Anu.
553 3819 635 3874 Bria.
643 3835 673 3885 p.
684 3821 746 3884 816,
762 3819 810 3871 udi
822 3819 937 3872 relatum
953 3826 991 3872 est
1003 3819 1034 3886 eie
1045 3819 1175 3871 militibus
1187 3819 1387 3884 Brim'msibus,

268 3891 317 3957 qui
328 3889 545 3942 Cremonensibus
562 3890 740 3946 adhaeserint.
768 3890 883 3957 EtApr.
896 3891 1020 3945 23-26.
1039 3893 1182 3943 etiamtunc
1199 3893 1281 3944 multi
1291 3892 1389 3944 Brini-

269 3976 341 4014 enses
363 3963 491 4027 potestati
518 3961 688 4014 mmmmm
719 3964 872 4014 iuramenta
906 3961 1080 4014 oboedientiae
1109 3963 1226 4015 Brixiae
1258 3963 1387 4028 fecerunt,

271 4031 380 4084 Odoriei
404 4033 421 4087 l.
441 4032 457 4083 i.
475 4031 537 4096 VII,
558 4049 588 4100 p.
607 4034 731 4097 43—45,
756 4048 800 4092 nr,
813 4034 875 4087 242.
900 4033 976 4084 Maio
995 4035 1019 4088 1.
1047 4033 1134 4086 seue
1157 4033 1254 4100 Lupus
1272 4039 1391 4102 pommus
1407 4046 1435 4086 u)

270 4103 426 4156 Briuiensis
450 4103 593 4156 &emanue
611 4104 722 4156 Asuuito
742 4106 869 4171 potestati
894 4104 1064 4157 Cremonensi
1087 4107 1218 4171 permisit,
1243 4111 1274 4157 ut
1293 4110 1389 4172 pontes

269 4189 351 4240 super
364 4174 462 4226 Ollium
475 4175 587 4239 fluuium
599 4179 723 4242 quotquot
735 4175 807 4226 veliet
818 4175 927 4240 smeret,
940 4175 1027 4228 &den
1038 4176 1105 4243 dipl.
1120 4176 1237 4230 mmm.
1252 4176 1275 4242 l,
1285 4191 1316 4242 p.
1325 4177 1387 4238 210,

269 4260 314 4296 nr.
326 4247 369 4300 71.
407 4245 480 4309 Quae
504 4251 581 4298 cama
605 4261 664 4298 cum
681 4246 752 4298 editu
770 4260 824 4298 uon
843 4248 886 4311 sit,
911 4261 964 4298 non
982 4248 1050 4298 satis
1064 4252 1146 4312 patet,
1169 4264 1234 4299 num
1253 4251 1309 4299 ium
1326 4253 1389 4298 tnnc

272 4315 361 4368 Guido
379 4317 482 4368 Briniu
499 4318 603 4374 eamn.
