3118 4840
208 204 243 256 32
319 199 508 254 IOHANNIS
527 197 774 254 GODAGNELLI
793 198 974 252 ANNALES
994 199 1029 254 A.
1044 203 1121 255 1207.
1143 202 1219 255 1208.

112 392 188 444 1207.
208 384 374 465 Arquato,
392 381 546 447 Gerardo
563 383 700 459 Stricta
719 381 907 447 Guillelmo
923 382 1169 454 Leccacorvor,
1188 383 1324 447 Iuliano

208 472 445 556 Bergognono,
470 472 656 537 Therisedo
687 473 730 536 de
760 472 904 535 Roncho
913 472 1051 546 -Veteri,
1083 477 1119 536 et
1149 473 1324 537 Bernardo

208 562 387 625 Ardeaono
411 561 607 624 camerario.

112 667 189 720 1198.
314 649 398 713 Post
413 650 546 713 obitum
563 650 693 713 domini
705 649 823 713 Enrici
839 651 939 734 regis,
956 650 1020 713 filii
1036 652 1180 714 condam
1195 651 1326 713 domini

208 739 364 803 Pederici
397 739 623 822 imperatoris,
663 738 822 802 dominus
858 737 952 814 Ott0,
989 739 1058 802 dux
1093 739 1268 813 Saxonum,
1305 761 1360 802 aa

208 828 413 910 quibusdam
429 828 642 911 principibus
653 827 899 891 Theothouicis
914 828 952 890 in
965 848 1081 911 regem
1093 829 1163 891 fuit
1176 827 1322 903 electus;

208 919 328 1000 postea
343 936 478 999 quoque
494 916 537 981 ab
553 917 633 993 illis,
657 915 781 998 quibus
797 916 940 980 licentia
962 938 983 980 a
1006 937 1138 980 summo
1162 917 1324 1000 pontifice

208 1009 261 1069 est
284 1026 453 1082 concessa,
486 1005 577 1069 idem
609 1006 767 1068 dominus
791 1003 876 1069 Otto
899 1010 1062 1089 precepto
1087 1010 1121 1070 et
1144 1005 1324 1069 voluntate

82 1121 135 1166 (ra.
147 1120 189 1168 12).
209 1094 339 1158 domini
373 1115 462 1178 pape
496 1094 566 1157 fuit
602 1098 796 1157 coronatus.
847 1094 1029 1178 Philippus
1064 1099 1181 1159 autem
1214 1095 1325 1158 frater

208 1183 433 1267 suprascripti
456 1183 586 1246 domini
607 1183 727 1247 Anrici
749 1184 839 1266 regis
863 1205 883 1246 a
906 1183 1111 1266 quibusdam
1135 1183 1212 1246 aliis
1236 1184 1324 1266 prin·
1344 1205 1370 1243 ro

72 1262 189 1364 ((ᾞζξῇ
209 1265 361 1355 cipibusb
390 1271 548 1336 similiter
581 1273 652 1335 fuit
685 1273 722 1334 in
756 1293 872 1356 regem
903 1273 1033 1337 electus
1065 1277 1100 1337 et
1130 1275 1323 1347 coronatus,

207 1364 325 1424 tamen
355 1361 428 1424 sine
458 1361 638 1424 voluntate
670 1365 704 1425 et
735 1381 902 1430 consensu
926 1362 1057 1425 domiui
1079 1383 1177 1445 pape.
1224 1361 1324 1424 Unde

209 1471 334 1533 magna
363 1449 411 1513 lix
442 1453 477 1513 et
507 1450 677 1514 discordia
706 1450 798 1514 inter
822 1451 999 1514 dominum
1023 1449 1187 1515 Ottoncm
1209 1453 1246 1514 et
1270 1451 1325 1512 do-

209 1539 340 1601 minum
355 1539 555 1622 Philippum
578 1539 649 1602 fuit
672 1542 800 1609 exorta,
825 1539 936 1602 multa
959 1539 1067 1623 prelia
1091 1541 1194 1604 etiam
1218 1540 1323 1602 facta.

209 1626 284 1706 Quo
307 1628 478 1691 discordia
501 1629 639 1691 duravit
672 1648 692 1692 a
720 1632 877 1711 tempore
907 1629 1022 1692 obitus
1054 1629 1184 1692 domini
1207 1628 1325 1691 Enrici
1344 1649 1369 1688 15

106 1745 134 1786 ι,
170 1745 188 1785 a,
210 1717 331 1800 *usque
364 1717 402 1779 in
436 1738 526 1780 anuo
556 1717 803 1780 incarnationis
836 1717 981 1781 inferius
1012 1718 1148 1800 scripte.
1197 1717 1325 1780 Verum

208 1807 289 1888 quia
312 1806 470 1869 dominus
494 1805 677 1889 Philippus
706 1803 827 1868 aurum
859 1810 894 1869 et
918 1810 1099 1888 argentum
1122 1807 1266 1870 tenebat
1289 1809 1325 1869 et

208 1894 415 1978 possidebat,
451 1894 542 1977 quod
573 1894 720 1957 Amicus
756 1895 797 1957 de
827 1894 956 1977 Apulia
991 1898 1026 1959 et
1057 1895 1203 1972 Scicilia,
1241 1915 1324 1976 quas

208 1985 438 2065 superaverat,
463 1983 500 2045 in
514 1983 732 2046 alamaniam
748 1985 898 2060 miserat,
919 1984 991 2048 fere
1008 2005 1126 2048 omnes
1142 1984 1322 2067 principes

206 2076 278 2135 tam
304 2071 444 2136 clericos
469 2092 571 2153 qnam
594 2071 718 2154 laycos,
743 2092 859 2135 secum
881 2073 1033 2137 habebat
1048 2073 1114 2156 ipsi
1130 2073 1324 2136 omnimode
1342 2095 1370 2132 so

208 2161 417 2224 adiutorium
434 2163 643 2244 prestantes;
668 2181 773 2243 quare
796 2161 869 2244 ipse
888 2161 1079 2246 Phylippus
1104 2166 1178 2226 erat
1200 2162 1325 2224 fortior

208 2253 243 2313 et
266 2250 441 2332 potentior
470 2250 608 2312 domino
633 2249 761 2314 Ottone
791 2251 828 2312 in
851 2251 1043 2327 Alamania,
1072 2273 1135 2315 nee
1166 2251 1324 2314 dominus

208 2337 292 2402 Otto
315 2339 474 2402 resistere
499 2339 630 2403 eidem⁰
658 2339 821 2423 Philippo
845 2344 991 2423 poterat.
1033 2339 1205 2402 Nimirum
1230 2339 1325 2422 *quia
1343 2363 1437 2412 *aaa

207 2428 405 2490 intantum
436 2428 540 2491 corda
570 2428 764 2512 principum
795 2433 868 2491 tam
898 2429 1100 2493 clericorum
1131 2449 1233 2511 quam
1257 2428 1325 2512 lay-

208 2537 326 2580 corum
361 2537 444 2579 auro
479 2519 515 2580 et
549 2522 693 2600 argento
727 2521 826 2581 erant
861 2518 1038 2593 honerate,
1074 2519 1166 2599 quod
1200 2519 1325 2580 natura
1344 2541 1370 2578 ss

208 2609 341 2669 rectum
372 2624 575 2687 cognoscere
604 2627 675 2669 non
701 2606 849 2670 valebat.
897 2605 1012 2669 Etiam
1043 2606 1201 2670 domiuus
1225 2605 1325 2668 Inno-

210 2694 353 2767 centius,
378 2714 530 2757 summus
554 2695 720 2777 pontifex,
745 2695 804 2776 qui
820 2695 952 2758 dictum
968 2694 1178 2779 Phylippum
1198 2716 1218 2757 a
1237 2696 1325 2778 prin-

211 2782 300 2865 cipio
324 2802 463 2846 exosum
487 2782 656 2846 habuerat
686 2786 722 2846 et
752 2803 911 2847 coronam
936 2785 968 2848 ei
991 2785 1073 2848 dare
1096 2787 1323 2856 recusaverat,

210 2871 354 2934 audiens
376 2871 476 2933 illum
500 2874 678 2955 potentem
702 2891 774 2936 esse
798 2872 870 2936 sinc
894 2873 1018 2937 timore
1041 2873 1158 2956 ipsius,
1183 2893 1266 2935 auro
1290 2876 1326 2936 ct

211 2961 354 3042 argento
379 2963 552 3042 coruptus,
584 2961 767 3024 concordia
798 2961 1026 3025 cardinalium
1055 2966 1195 3047 pactum
1220 2961 1325 3024 dandi
1344 2985 1371 3023 ao

114 3059 191 3112 1208.
211 3048 243 3113 ei
259 3068 419 3112 coronam
437 3048 600 3112 lecerat1.
636 3048 713 3114 Hoc
728 3050 766 3112 in
782 3070 872 3113 anno
888 3046 1111 3126 Moovmd,
1135 3051 1325 3114 indictione

140 3165 191 3202 run.
210 3137 274 3214 XI,
291 3156 407 3202 meuse
423 3137 526 3201 Iunio
541 3137 739 3221 patriarcha
754 3139 1028 3223 aquilegiensis2
1043 3140 1178 3223 legatus
1195 3139 1326 3202 domini

211 3226 366 3310 Philippi
388 3248 409 3290 a
431 3227 587 3291 Romana
616 3228 711 3292 curia
733 3230 883 3306 veniens,
907 3228 1122 3293 Placentiam
1143 3228 1324 3300 transiens,

211 3317 247 3378 in
284 3319 411 3380 terram
445 3316 760 3381 Theothonicorum
797 3317 967 3402 proficisci
1005 3317 1221 3401 properabat,
1259 3317 1326 3399 ipsi

212 3405 351 3468 domiuo
366 3405 529 3490 Philippo
545 3424 587 3470 ex
602 3408 701 3488 parte
717 3406 848 3470 domini
866 3427 955 3490 pape
978 3406 1133 3490 legatum
1157 3406 1325 3481 deferens,
1345 3431 1371 3470 aa

211 3495 252 3556 ut
275 3495 559 3577 quandocumque
581 3494 688 3559 vellet
712 3515 872 3559 coronam
891 3496 934 3559 ab
951 3515 991 3560 eo
1006 3495 1062 3558 vel
1078 3495 1120 3558 ab
1138 3495 1186 3559 eis
1202 3494 1326 3577 quibus

212 3582 304 3646 foret
334 3583 494 3667 delegata
524 3583 704 3666 acciperet.
751 3584 875 3667 Itaque
905 3604 983 3647 cum
1013 3586 1078 3648 hec
1108 3583 1223 3647 omnia
1252 3602 1326 3666 age-

212 3673 341 3747 rentur,
373 3671 531 3736 dominus
560 3675 677 3736 noster
699 3673 797 3736 Iesus
820 3671 988 3749 Christus,
1017 3676 1151 3738 creator
1173 3673 1326 3735 omnium

212 3780 335 3835 rernm,
361 3759 454 3824 ultor
477 3762 630 3824 omnium
654 3761 833 3838 malorum,
858 3762 914 3825 cui
936 3761 988 3825 nil
1004 3767 1056 3825 est
1072 3765 1251 3838 secretum,
1276 3759 1326 3822 nil

214 3848 463 3926 absconditum,
490 3851 592 3912 corda
615 3850 794 3913 hominum
817 3850 937 3926 sciens,
961 3851 1020 3933 qui
1038 3855 1091 3915 est
1106 3870 1207 3914 verus
1224 3849 1327 3912 iudex
1345 3878 1373 3915 40

213 4020 236 4073 a)
249 4022 379 4062 leccacorus
393 4033 412 4062 c.
453 4021 477 4072 b)
490 4021 569 4072 §cibus
583 4033 601 4065 c.
649 4021 670 4074 c)
684 4020 744 4063 idem
758 4034 776 4063 c.
830 4021 1328 4072 d)Mcovl111.0.,·0f.antecessura.

215 4180 241 4251 1)
261 4181 303 4246 of.
321 4183 517 4248 Winkelmaan,
537 4182 667 4249 ‘Peilapp'
682 4199 711 4249 p.
724 4185 786 4249 459,
805 4199 832 4238 n.
846 4186 871 4238 3.
943 4185 971 4252 2)
990 4183 1150 4251 Wolfqerus.
