3118 4840
189 279 249 335 ΧΠ
631 277 859 334 PRAEFATIO.

189 461 307 529 addnci
330 481 473 542 possam,
504 480 602 543 neqne
631 460 683 525 lois
712 460 788 526 locis
817 459 991 526 orationem
1023 461 1307 545 Oodapnellianam

189 571 334 634 apnosco.
380 550 427 614 Et
458 571 529 615 cnm
562 550 716 614 lornml
716 569 842 614 ocornm
869 550 1048 630 conformat
1036 553 1079 616 tio
1112 558 1171 616 mit
1170 573 1208 617 ea
1241 572 1307 616 non

188 639 377 792 reperiatur,
408 660 464 704 nec
494 644 575 704 certo
603 637 702 704 statni
724 644 827 720 potest
855 659 907 703 eos
935 639 1105 705 annalinm
1134 646 1229 706 antea
1257 660 1306 705 en·

188 729 378 810 scriptoram
400 726 666 809 portemmfnisse,
696 729 752 792 sed
772 727 870 808 facile
891 727 967 808 lteri
983 729 1097 811 potnit,
1127 727 1307 810 ntCodop·

189 818 291 883 nellns
306 816 447 882 diversos
461 817 596 882 annales
610 817 659 881 nel
673 816 800 882 dirersa
816 823 967 882 comment
954 817 1073 884 tariola
1087 817 1305 901 conpesseritl.

191 908 256 974 Sed
283 908 323 970 ab
353 927 384 970 a.
412 911 506 968 1189.
537 905 645 970 omnia
674 905 818 971 oratione
845 904 1029 988 Oodapnell'
1016 928 1097 973 rana
1131 905 1308 987 conscripta
1399 975 1400 978 ,

190 1002 272 1075 snnt,
296 1001 332 1059 nt
353 997 393 1060 ab
416 995 473 1059 hoc
495 994 563 1074 fere
585 1014 672 1058 anno
694 993 763 1060 iam
782 1015 848 1059 non
870 995 956 1060 alins
976 995 1141 1078 scriptoris
1159 1016 1308 1061 cmnmen

190 1084 291 1150 torios
312 1090 434 1148 secatae
456 1104 521 1148 esse
543 1082 697 1148 oideatnr.

302 1171 510 1254 Oodapnellns
525 1171 728 1253 potissimam
751 1171 866 1237 cicinm
884 1172 1145 1239 Placentinorum
1171 1195 1209 1238 ac
1232 1174 1308 1238 dna-

189 1284 262 1328 rnm
278 1260 423 1343 partinm
446 1260 734 1327 Lombardicarnm
756 1263 973 1343 adoersornm,
1003 1261 1163 1344 imprimis
1185 1261 1307 1327 Medio

191 1350 380 1431 lanensinm,
404 1349 560 1414 sociornm
583 1348 720 1432 illoram,
745 1356 774 1414 et
794 1348 1051 1416 Cremonensium
1069 1349 1308 1416 Parmensium-

189 1461 248 1522 ιιι
271 1440 340 1503 lost
340 1438 406 1502 inm
428 1459 480 1504 res
497 1444 611 1520 postas,
628 1445 760 1520 praeter
774 1439 834 1503 lias
851 1438 1051 1540 paucissima
1065 1439 1134 1505 alia
1148 1439 1307 1506 namaoit

191 1529 335 1628 Imperat
335 1548 424 1592 ornm
446 1548 498 1591 res
519 1527 671 1592 mnltas
657 1549 694 1591 cn
717 1527 925 1610 Lombardia,
955 1528 1144 1594 rarissimas
1172 1528 1209 1593 in
1232 1527 1309 1594 aliis

184 1616 414 1700 provinciist
380 1617 414 1680 It
414 1615 500 1680 aliae
513 1622 580 1698 pest
580 1637 618 1681 as
632 1615 749 1681 retnlit.
788 1617 873 1683 Pont
861 1617 981 1697 tiltcnm
999 1637 1193 1683 snmmornm
1208 1616 1309 1682 obitns

190 1713 219 1772 et
242 1705 403 1770 electiones
425 1704 550 1786 qnidem
573 1705 746 1787 adnotavit,
726 1711 930 1772 tcaeterat
930 1712 1041 1772 antnm
1063 1727 1144 1788 qnae
1160 1706 1198 1770 in
1216 1707 1309 1770 rebns

191 1793 391 1860 Placentinis
413 1815 452 1858 ac
474 1793 697 1858 Lornbardicis
723 1794 879 1876 posserint
866 1795 954 1860 trel
975 1816 1056 1877 qnae
1079 1797 1195 1860 adres
1217 1795 1309 1859 Lom-

191 1883 341 1948 lardicas
369 1881 594 1964 pertinnerint.
649 1883 713 1947 Sed
744 1883 882 1948 sclisma
913 1905 1063 1966 mapnnm
1091 1886 1131 1948 ab
1163 1882 1309 1949 electione

190 1971 373 2036 Alexandri
389 1972 465 2036 III.
488 1977 591 2035 ortnm
613 1971 700 2035 nnllo
722 1974 822 2053 verbo,
847 1971 1072 2054 expeditionem
1091 1993 1218 2038 sacram
1233 1971 1309 2036 Fri-

191 2059 292 2126 derici
308 2060 338 2124 I.
356 2066 448 2141 atqne
470 2059 732 2142 enpnpnationem
752 2059 1136 2143 Constantinopolitanam
1152 2060 1308 2126 lenissimo

190 2151 283 2214 oerlm
307 2145 349 2230 (p.
370 2155 408 2212 18
425 2168 469 2231 sq.
496 2150 554 2231 30)
579 2148 692 2230 attipit,
724 2149 897 2214 obsidionis
924 2156 953 2214 et
974 2149 1218 2233 enpnpnationis
1240 2149 1309 2213 Da-

190 2237 308 2302 miatae
324 2244 495 2319 propterea
517 2239 637 2302 brevem
659 2237 847 2303 mentionem
868 2237 953 2319 fecit,
981 2239 1059 2321 qnia
1081 2238 1147 2320 ipse
1171 2237 1308 2303 libellam

191 2329 229 2392 de
258 2327 318 2392 lac
347 2325 472 2391 civitate
501 2333 681 2409 enpnpnata
710 2327 948 2409 conscripserat,
974 2328 1141 2410 prolopnm
1170 2326 1239 2391 eins
1272 2326 1308 2391 in

191 2415 376 2481 Annalibns
404 2422 545 2496 repetens
576 2412 620 2497 (p.
642 2417 712 2498 68).
770 2416 935 2481 Caeternm
962 2417 1081 2482 Terrae
1112 2417 1249 2482 Sanctae
1281 2421 1310 2480 et

191 2503 333 2570 aliarnm
348 2511 508 2568 terraram
523 2525 575 2569 res
590 2503 717 2570 omnino
732 2525 798 2569 non
815 2504 881 2569 nisi
896 2525 960 2569 nno
975 2506 1040 2570 loco
1055 2505 1150 2585 infra
1161 2527 1196 2586 p.
1210 2509 1309 2568 XIII.

191 2592 273 2657 dicto
296 2592 440 2674 respersit.

299 2683 410 2763 Neqne
431 2680 527 2746 etiam
548 2702 600 2746 res
628 2681 665 2746 in
687 2681 884 2746 Lombardia
902 2681 1038 2763 pacifice
1058 2688 1163 2764 postas
1179 2688 1311 2763 praeter

192 2769 453 2836 Placentinornm
469 2769 630 2835 electiones
644 2770 889 2852 mapistratnnm
905 2770 1032 2852 alioqne
1049 2791 1159 2852 panca
1176 2770 1308 2852 cnraoit,

192 2859 251 2925 etsi
274 2857 437 2925 caritatem
456 2879 615 2940 annonae,
639 2865 743 2923 terrae
757 2864 873 2923 motnm
888 2879 1119 2941 nonnnnqnam
1134 2859 1308 2941 adnotavit,

191 2949 248 3013 sed
269 2948 349 3013 bella
371 2947 594 3028 Lombordica,
612 2947 749 3029 proelia,
772 2947 973 3029 vastationes,
1001 2948 1188 3030 obsidiones,
1213 2947 1310 3030 omio-

192 3035 316 3102 sissime
327 3035 502 3117 enarravit,
515 3035 566 3100 lois
574 3036 736 3101 nberrima
745 3036 898 3102 relatione
908 3036 1120 3102 describendis
1130 3038 1308 3102 delectatnr.

192 3126 330 3206 Ideoqne
344 3124 560 3206 amplissimas
574 3124 743 3189 relationes
751 3127 884 3206 praebet
894 3147 1001 3190 eornm
1013 3147 1181 3208 annornm,
1198 3125 1311 3208 anions

192 3214 273 3279 lello
303 3212 339 3278 in
368 3212 567 3278 Lornbardia
595 3219 683 3296 posto
712 3219 795 3295 snnt,
824 3236 933 3296 panca
961 3216 998 3279 de
1025 3214 1183 3296 plerisqne
1213 3214 1311 3279 annis

192 3302 351 3384 narrooit,
381 3301 495 3384 qnibns
517 3301 714 3367 Lombardia
741 3303 778 3367 in
801 3324 883 3384 pace
911 3302 985 3383 fnit.
1032 3304 1081 3368 Ac
1104 3325 1181 3368 sane
1201 3324 1311 3384 pmcn

193 3394 230 3457 de
246 3391 297 3456 lis
316 3391 404 3456 bellis
422 3393 526 3457 relata
541 3392 725 3457 labnemns
741 3391 810 3457 sine
829 3392 932 3475 lonpis
950 3391 1194 3457 narrationilns
1211 3391 1309 3459 illins.

197 3482 339 3562 Qnarnm
369 3479 495 3562 qnidem
517 3481 605 3545 hand
620 3501 730 3564 parra
746 3501 829 3562 pars
851 3501 915 3563 pro
938 3480 1119 3563 copiositate
1141 3501 1206 3545 non
1229 3480 1312 3545 tanti

186 3569 289 3651 pretii
318 3575 371 3650 est,
402 3590 472 3634 cnm
500 3568 710 3651 Uodnpnellns
732 3570 918 3651 pleramque
945 3590 1011 3634 non
1033 3590 1084 3634 res
1104 3576 1209 3652 pestes
1231 3569 1311 3634 diln-

193 3657 261 3723 eide
277 3664 369 3739 atqne
384 3678 527 3738 enpnesse
542 3657 752 3739 descripserit,
771 3660 827 3722 sed
840 3657 944 3724 cerlis
958 3657 1113 3724 inanibns
1127 3657 1311 3740 saepissime

193 3745 333 3827 repetitis
354 3752 391 3810 nt
411 3745 448 3810 in
471 3747 715 3812 narrationibus
736 3747 894 3826 falnlosis
915 3747 984 3812 snis
1002 3749 1144 3812 lectorem
1160 3747 1309 3812 obrnerit.

194 3836 259 3900 Sed
289 3835 349 3900 lae
378 3834 547 3899 relationes
575 3841 606 3900 et
633 3835 761 3900 omnino
790 3835 974 3919 Oodapnelli
996 3836 1143 3900 Annales
1173 3835 1312 3900 manime

193 3924 347 3989 encellnnt
380 3930 514 4005 tempore
547 3943 654 3989 rernm
685 3931 846 4007 pestarnm
879 3923 1118 3991 accuratissime
1151 3926 1310 4006 adnotato,

193 4011 377 4094 saepissime
406 4033 471 4077 non
500 4013 590 4077 modo
611 4013 738 4095 mensis,
769 4016 825 4079 sed
852 4013 948 4079 etiam
977 4012 1172 4095 septimanae
1201 4012 1311 4078 diebns

193 4100 356 4182 indicatis,
373 4122 603 4184 nonnnnqnom
619 4101 714 4168 etiarn
730 4101 781 4167 die
795 4102 874 4182 festo
889 4101 995 4167 sancti
1010 4101 1174 4168 cninsdam
1189 4101 1308 4166 addito.

196 4258 222 4327 1)
240 4258 282 4324 Of.
301 4275 368 4326 qnae
381 4275 412 4326 p.
426 4261 451 4327 7,
470 4276 497 4314 n.
510 4261 537 4316 5.
554 4260 688 4314 adnotant.
