3118 4840
391 277 582 338 IOHANNIS
601 277 847 332 CODAGNELLI
866 277 1047 333 ANNALES
1066 280 1101 335 A.
1117 283 1193 335 1213.
1317 287 1351 338 43

231 463 349 526 nullus
373 466 511 548 poterat
533 462 674 536 intrare,
699 461 765 524 nisi
790 482 850 544 per
869 462 953 526 duas
973 466 1089 547 portas
1108 464 1350 538 strictissimas,
1373 475 1449 534 1213.

231 553 350 616 rostris
375 556 410 617 et
434 551 511 615 aliis
534 549 800 614 fortitudinibus
825 553 971 634 aptatas,
1003 572 1066 616 sua
1095 552 1223 616 ibidem
1248 554 1350 618 fixere

230 641 392 717 tentoria,
426 640 616 724 *sperantes
647 642 683 704 et
713 639 892 704 credentes
923 640 959 703 in
982 641 1058 724 ipsa
1081 641 1191 706 veluti
1214 643 1250 704 in
1275 642 1350 707 Cre·
1371 666 1459 715 *aaa

232 751 332 795 mone
355 730 498 794 civitate
522 749 620 812 posse
644 729 811 793 securiter
825 732 918 792 stare
937 733 972 793 et
989 749 1198 813 permanere.
1237 731 1351 795 Statu-

195 846 209 882 s
232 821 331 883 erant
350 820 440 883 enim
457 818 525 902 ipsi
541 817 787 882 Cremonenses
811 821 944 900 segetes
968 821 1004 882 et
1026 818 1112 882 alias
1135 840 1189 883 res
1206 818 1347 884 Creme⁸

231 911 366 972 vastare
391 911 426 971 et
450 900 651 990 dissiparet,
681 906 737 971 vel
761 905 1025 990 expeditionem,
1058 927 1171 990 quam.
1188 909 1350 973 Mediola-

231 1017 355 1062 nenses
370 997 487 1060 facere
501 996 539 1059 in
555 995 764 1059 Lumilinam
781 999 1041 1080 proposuerant,
1065 996 1204 1061 facilius
1228 998 1351 1063 debere

232 1089 467 1169 permanere⁰.
526 1083 601 1163 Quo
636 1085 757 1148 audito
792 1087 828 1148 et
860 1083 1041 1149 intellecto
1075 1085 1351 1152 Mediolanenses

232 1195 310 1238 cum
335 1175 469 1238 carocio
500 1177 536 1238 et
566 1173 725 1238 universa
748 1176 853 1256 gente
877 1193 995 1238 eorum
1020 1177 1156 1238 etcum
1181 1175 1351 1239 militibus

185 1291 214 1327 10
232 1263 410 1328 Placentie
441 1266 477 1327 et
508 1262 626 1327 Laude
661 1265 698 1326 et
728 1261 901 1345 aliquibus
931 1262 1081 1328 Novaria
1117 1263 1286 1328 militibus
1317 1270 1353 1330 et

232 1374 311 1416 oum
335 1352 504 1416 militibus
528 1351 728 1416 extrinsecis
745 1350 861 1415 Brixie
884 1353 978 1436 apud
995 1350 1151 1416 Cremam
1176 1374 1349 1437 perexere;

232 1441 358 1506 deinde
390 1441 446 1505 die
476 1440 613 1504 sabbati
642 1440 753 1524 primo
785 1440 911 1504 mensis
942 1440 1036 1504 Iunii
1071 1461 1188 1506 versus
1218 1442 1351 1507 Cremo·
1372 1471 1450 1513 nnn.

233 1524 377 1594 nensesd
399 1529 492 1594 ivere
516 1532 551 1593 et
574 1549 644 1592 non
667 1528 814 1592 multum
840 1529 943 1612 longe
967 1529 1010 1594 ab
1035 1531 1083 1594 eis
1106 1531 1204 1596 fuere
1229 1536 1352 1596 castra-

233 1619 390 1682 mentati.
430 1618 496 1682 Die
512 1637 592 1682 vero
608 1616 781 1682 dominico
797 1617 833 1681 in
851 1619 943 1683 festo
967 1621 1205 1703 pentecostes1
1229 1623 1352 1685 armati
1372 1649 1422 1686 a...
1433 1649 1454 1689 e.

188 1735 214 1772 a
232 1711 269 1772 et
291 1707 444 1771 ordinati
466 1707 605 1772 iverunt
628 1707 672 1771 ad
696 1706 843 1783 bellum;
869 1711 905 1772 et
928 1727 1006 1771 cnm
1023 1708 1258 1792 pervenissent
1274 1731 1352 1774 cum

233 1797 367 1861 carocio
391 1796 482 1860 circa
503 1796 637 1860 fossata
654 1799 690 1860 et
706 1796 944 1874 munitionem,
969 1797 1005 1860 in
1022 1818 1090 1880 qua
1106 1796 1353 1864 Cremonenses

232 1886 388 1963 aderant,
420 1885 588 1950 accerimo
616 1888 652 1949 et
674 1885 864 1950 fortissimo
888 1903 945 1950 eos
969 1886 1197 1968 agrediuntur
1219 1889 1353 1972 impetn

233 1978 268 2039 et
291 1975 326 2038 vi
348 1975 496 2038 maxima
526 1975 563 2037 in
593 1973 656 2037 illa
686 1977 856 2038 conantur
885 1974 1015 2039 intrare
1046 1976 1255 2049 munitione;
1287 1978 1353 2061 ipsi

232 2084 313 2128 vero
337 2063 583 2128 Cremonenses
613 2083 688 2126 cum
720 2063 791 2126 suis
821 2064 991 2127 ordinatis
1021 2064 1121 2129 actiis
1143 2065 1214 2129 illis
1237 2087 1273 2130 se
1298 2066 1353 2130 ob-

189 2182 215 2219 20
233 2153 323 2216 viam
340 2155 422 2216 ante
438 2151 640 2216 munitionis
656 2156 792 2235 portas⁰
813 2152 1036 2235 prebuerunt,
1057 2158 1093 2218 et
1108 2155 1203 2218 tubis
1219 2155 1353 2219 bellicis

234 2241 437 2306 sonantibus
461 2240 504 2304 ab
528 2240 684 2322 utrisque
708 2243 871 2305 certatur.
914 2239 982 2319 Qui
1006 2262 1082 2305 cum
1108 2243 1295 2308 deficerent
1318 2249 1353 2307 et

234 2323 375 2394 crebraf
394 2351 434 2393 ac
457 2329 647 2392 fortissima
669 2329 820 2392 hostium
837 2329 925 2394 tella
938 2330 1029 2394 ferre
1047 2331 1187 2396 minime
1203 2336 1352 2416 possent,

237 2411 436 2499 [videntesssl
461 2417 556 2481 intus
580 2418 690 2500 ipsam
714 2418 940 2482 munitionem
965 2439 1026 2503 per
1046 2419 1116 2482 vim
1139 2420 1269 2484 intrare
1285 2421 1353 2486 Me-

235 2506 461 2579 diolanenses,
493 2505 651 2589 perteriti
679 2508 715 2570 et
741 2527 867 2590 pavore
891 2508 1026 2583 comati,
1058 2512 1157 2593 terga
1178 2512 1354 2574 vertentes

190 2596 352 2678 aufugam
385 2596 578 2678 petierunt;
614 2598 748 2679 partem
781 2616 916 2679 quoque
947 2617 1064 2661 eorum
1099 2597 1217 2681 gladio
1251 2599 1353 2663 inter-

233 2685 425 2759 fecerunt2,
457 2687 591 2768 partem
621 2704 701 2748 vero
730 2685 768 2747 in
797 2685 872 2767 ipso
899 2685 1040 2750 flumine
1065 2687 1323 2752 submerserunt
1331 2688 1351 2764 3,

234 2773 321 2836 alios
336 2794 418 2837 vero
437 2765 493 2836 eth
513 2794 574 2857 per
590 2776 730 2856 pontem
749 2773 799 2838 *et
822 2775 988 2857 pervade
1012 2775 1098 2840 Serii
1122 2776 1351 2859 insequentes,
1374 2802 1458 2850 aaa

233 2862 393 2926 omnibus
415 2862 575 2926 tentoriis
606 2866 642 2926 et
664 2862 793 2945 spoliis,
825 2863 922 2945 equis
952 2868 988 2928 et
1018 2865 1128 2929 bobus
1159 2869 1193 2930 et
1218 2865 1353 2929 cariolis

234 2951 369 3028 ablatis,
401 2951 510 3015 nichil
539 2951 664 3034 reliqui
696 2954 813 3035 preter
842 2952 961 3036 fugam
992 2953 1161 3031 fecerunt,
1196 2959 1231 3018 et
1261 2955 1354 3018 ultra

190 3071 216 3108 cc
235 3040 368 3105 Serium
392 3039 540 3123 amplius
564 3044 713 3123 quatuor
736 3041 876 3105 milibus
897 3043 1065 3125 usquead
1084 3043 1353 3107 Nucem-casale

235 3150 292 3194 eos
314 3130 536 3212 fugaverunt,
565 3132 708 3212 excepto
732 3130 824 3193 circa
847 3129 932 3194 CCC
957 3131 1095 3209 milites,
1127 3132 1185 3214 qui
1209 3135 1253 3195 ad
1278 3131 1354 3196 Cre·

235 3238 335 3281 mone
354 3217 526 3282 carocinm
542 3217 719 3301 fugerunt.
759 3218 803 3280 In
826 3219 900 3302 ipsc
925 3240 1004 3283 vero
1028 3221 1138 3303 prelio
1160 3221 1235 3284 fere
1260 3219 1354 3284 mille

235 3307 362 3370 milites
387 3307 429 3371 de
453 3305 622 3371 Cremona
652 3309 688 3370 et
718 3307 792 3370 eius
816 3307 976 3371 districtu
1001 3312 1167 3391 ceperunt
1190 3311 1226 3372 et
1250 3309 1354 3372 habu-

234 3400 347 3473 erunt,
387 3396 429 3460 de
464 3394 640 3478 peditibus
675 3415 755 3459 vero
789 3399 915 3468 tantos,
955 3398 1047 3478 quod
1085 3397 1201 3460 nescio
1240 3397 1354 3461 dicere

190 3515 216 3551 cc
234 3487 382 3567 quantos
392 3485 413 3560 ⁴,
454 3487 490 3547 et
525 3504 602 3548 cum
635 3483 706 3546 illis
740 3483 910 3547 militibus
945 3484 1037 3548 ultra
1074 3485 1207 3549 Serium
1243 3486 1354 3569 captis

234 3572 510 3636 Mediolanenses
540 3571 583 3635 ab
610 3572 673 3635 illa
695 3575 795 3655 parte
819 3572 905 3637 Serii
929 3573 1076 3638 iverunt.
1124 3573 1196 3637 Alii
1219 3595 1354 3657 quoque

234 3765 256 3809 a)
270 3765 351 3804 emend.
366 3763 461 3807 11.-Br.,·
479 3773 582 3802 cremone
596 3774 614 3804 c.
684 3762 707 3813 b)
728 3761 845 3812 disurpare
859 3774 885 3812 c„
904 3765 961 3813 quod
980 3765 1065 3803 vertum
1085 3766 1179 3813 abactam
1194 3777 1241 3804 cum
1256 3766 1354 3815 occupa,

235 3827 340 3866 nusquam
355 3817 409 3854 alibi
422 3817 541 3864 scripserit,
556 3826 619 3865 saepe
633 3827 683 3855 aero
698 3827 798 3856 cremare
812 3821 835 3855 et
849 3815 958 3866 dissipare
972 3822 1019 3866 eta,
1034 3819 1152 3860 mensave.
1205 3819 1225 3869 o)
1240 3831 1354 3859 remanere

234 3871 326 3909 scribere
339 3870 435 3917 mullera,
450 3874 513 3908 rana
523 3880 652 3919 permanere
667 3881 678 3908 e
691 3871 707 3913 l,
718 3872 738 3912 4.
751 3871 773 3912 h.
784 3871 921 3918 arepertum
931 3881 982 3913 erse,
1024 3869 1048 3922 d)
1062 3873 1185 3920 enudant,
1200 3883 1325 3912 cremonam
1335 3886 1352 3914 r.

190 3930 216 3966 40
235 3922 256 3972 e)
270 3935 294 3962 se
309 3924 386 3961 aarum
401 3923 452 3964 aaa.
467 3935 485 3965 c.
540 3924 640 3970 Ocreba
653 3935 670 3966 c.
724 3925 749 3973 g)
762 3925 833 3973 suppl.
847 3924 927 3966 H.-Br.
940 3929 992 3973 poet
1006 3923 1108 3975 Mediol.;
1124 3937 1167 3966 om.
1182 3938 1199 3966 c.
1249 3927 1272 3971 b)
1286 3937 1355 3964 emen-

234 3978 298 4024 dam]
317 3977 356 4024 qul
370 3988 401 4022 a:
419 3987 461 4017 om.
477 3977 557 4019 aar.

236 4120 264 4184 1)
281 4118 404 4170 Eundem
422 4119 491 4170 diem
509 4134 597 4171 manes
615 4119 672 4182 fere
691 4120 768 4182 infin
787 4121 853 4171 dicti
869 4127 989 4172 cadmea
1007 4121 1138 4184 referunt.
1205 4124 1232 4188 2)
1252 4122 1354 4174 Saitabet

234 4189 451 4244 Mediolanenses.
482 4189 571 4244 Perta.
643 4191 671 4256 3)
691 4191 733 4254 Cf.
753 4191 796 4244 ίΝ,
810 4191 918 4242 Arcbiv'
935 4191 1015 4257 XVI,
1032 4209 1061 4259 p.
1074 4195 1135 4247 260.
1208 4194 1236 4258 4)
1253 4194 1352 4246 Eodem

235 4259 313 4309 cerba
332 4260 389 4311 vide
407 4277 491 4327 supra
509 4278 536 4328 p.
552 4263 593 4326 16,
614 4279 635 4319 v.
649 4263 693 4316 20.
