3112 4856
200 262 235 314 90
358 255 549 310 IOHANNIS
567 255 814 311 consessum
832 255 1014 310 ANNALMS
1031 257 1067 312 A.
1082 259 1160 312 1229.

103 456 179 510 1229.
200 444 298 524 parte
329 441 454 504 summi
483 440 666 523 pontificis,
698 443 739 502 nt
769 439 924 521 quelibet
951 440 1083 516 civitas,
1119 444 1223 524 prout
1253 443 1318 505 sta·

199 533 317 593 tutum
347 533 431 605 erat,
462 529 591 594 milites
621 529 657 591 in
686 527 851 592 auxilium
882 531 918 592 et
942 529 1134 593 subsidium
1158 550 1220 613 pro
1243 529 1318 594 iure

200 622 318 683 sancte
352 619 506 682 Romane
541 617 683 682 ecclesie
719 617 975 681 manutenendo
1017 621 1052 682 et
1090 618 1134 682 ab
1169 617 1318 682 inimicis

200 710 318 772 sancte
341 707 485 771 ecclesie
508 706 727 771 defendendo
748 707 887 770 mittere
908 706 1075 771 deberent
1085 707 1106 768 ¹.
1141 706 1210 786 Qui
1225 708 1318 771 iussa

201 800 236 862 et
260 797 423 860 mandata
454 796 586 860 domini
612 815 700 879 pape
725 795 904 859 observare
928 799 964 859 et
987 796 1102 861 tacere
1127 796 1316 880 cupientes,
1341 819 1356 858 s

200 889 304 970 prout
326 885 409 949 olim
432 886 607 950 decretum
630 885 757 960 fuerat,
782 884 910 948 milites
933 885 1024 948 viros
1040 885 1173 950 nobiles
1190 889 1226 949 et
1242 907 1317 969 pru·

201 977 331 1051 dentes,
367 974 464 1057 equis
499 979 534 1038 et
568 974 671 1037 armis
702 974 839 1056 egregie
873 977 1083 1056 preparatos,
1119 975 1238 1038 statim
1273 975 1317 1038 ad

97 1085 181 1133 *roei
201 1065 324 1126 summi
354 1063 527 1146 pontificis
557 1062 768 1145 presentiam
799 1061 1023 1126 *direxerunt
1076 1063 1208 1128 Milites
1238 1083 1318 1127 vero

81 1175 149 1217 nar.
161 1176 181 1217 r.
199 1152 388 1229 Placentie,
412 1151 471 1234 qui
486 1152 630 1214 fuerunt
646 1171 789 1214 numero
804 1151 970 1226 XXXVI,
988 1152 1043 1216 die
1060 1152 1224 1216 Mercurii
1236 1152 1317 1215 VII.

200 1242 326 1305 mensis
360 1241 479 1305 Martii
513 1241 580 1304 iter
615 1260 731 1304 eorum
765 1240 1004 1323 inciperunt²;
1040 1241 1100 1304 sed
1136 1261 1213 1305 cum
1248 1261 1319 1304 non
1339 1267 1366 1305 ro

201 1333 315 1395 essent
338 1331 452 1393 adhuc
476 1328 578 1393 rebus
602 1329 802 1393 necessariis
826 1331 1011 1413 preparati,
1036 1334 1204 1413 sumptus,
1234 1350 1318 1413 quos

200 1441 221 1482 a
237 1419 411 1483 communi
426 1418 601 1502 percipere
617 1417 802 1493 debebant,
827 1418 967 1483 minime
986 1419 1217 1483 habuerunt2.
1253 1419 1318 1482 Do

200 1509 314 1570 minus
337 1508 518 1572 Pernixius
541 1508 750 1583 Ardezonus,
779 1507 938 1570 dominus
962 1510 998 1571 et
1020 1513 1134 1572 rector
1157 1528 1275 1572 eorum
1298 1529 1319 1570 a

201 1596 372 1660 communi
398 1597 618 1672 constitutus,
649 1596 806 1680 predicta
836 1595 892 1659 die
915 1597 982 1660 iter
1006 1617 1105 1660 suum
1128 1597 1260 1680 incepit
1283 1599 1319 1660 et

73 1707 139 1749 nau.
150 1708 181 1748 14.
201 1687 244 1750 de
268 1686 410 1750 civitate
425 1685 604 1750 Placentie
628 1685 743 1748 exivit.
779 1684 846 1749 Die
862 1685 1027 1749 Mercurii
1042 1685 1167 1748 XHII.
1192 1685 1318 1750 mensis
1339 1709 1365 1750 rs

201 1775 319 1838 Martii
343 1774 404 1846 alii
428 1774 555 1838 milites
578 1774 689 1838 secuti
712 1777 795 1837 sunt
817 1775 996 1837 dominum
1020 1774 1223 1838 Pernisium.

308 1864 361 1927 De
385 1864 503 1927 eodem
528 1883 644 1927 mense
675 1866 710 1927 et
740 1863 896 1945 predicta
919 1864 1156 1928 incarnatione
1180 1863 1319 1928 Placen-

201 1952 267 2015 tini
291 1951 466 2015 dominum
491 1950 718 2015 Guilielmnm
741 1951 948 2035 Saporitum,
972 1953 1084 2016 virum
1108 1953 1259 2018 nobilem
1284 1956 1319 2017 et

201 2041 406 2124 prudentem
436 2041 533 2105 urbis
556 2039 755 2117 Mediolani,
786 2041 823 2103 in
853 2044 1060 2125 potestatem
1091 2046 1127 2106 et
1150 2045 1318 2106 rectorem

85 2155 182 2195 naas.
201 2130 353 2194 civitatis
391 2130 569 2194 Placentie
608 2128 797 2212 elegerunt.
860 2128 928 2208 Qui
963 2131 1018 2194 die
1051 2130 1193 2195 Veneris
1227 2151 1318 2194 nono
1338 2156 1365 2194 so

201 2219 328 2283 mensis
351 2218 470 2282 Martii
492 2219 529 2281 in
553 2219 661 2302 ipsius
685 2218 837 2282 civitatis
860 2220 1027 2302 regimine
1050 2219 1205 2284 intravit.

307 2307 597 2372 MOOXXVIIII.
627 2308 786 2371 dominus
811 2307 1018 2372 Guilielmus
1042 2308 1221 2393 Saporitus
1245 2307 1318 2371 Pla·

202 2397 314 2461 centie
344 2400 497 2480 potestas
528 2417 737 2481 cognoscens
766 2397 843 2460 iura
867 2401 902 2461 et
931 2397 1092 2473 rationes,
1124 2419 1209 2481 quas
1233 2419 1319 2462 com·

201 2507 304 2550 mune
327 2486 505 2550 Placentie
536 2486 642 2550 habet
672 2506 713 2550 ex
743 2488 845 2569 paeto
876 2491 911 2550 et
942 2487 1126 2550 concordia
1147 2489 1240 2551 inter
1263 2487 1319 2550 do·

201 2576 332 2638 minum
367 2575 565 2658 episcopum
601 2574 702 2640 Bobii
737 2578 772 2652 et
807 2595 987 2639 commune
1016 2576 1194 2640 Placentie
1223 2577 1320 2640 facts
1338 2601 1365 2640 rs

200 2685 318 2728 versus
340 2663 432 2747 ipsos
449 2664 551 2727 Bobii
574 2667 609 2727 et
631 2664 742 2746 ipsam
766 2664 952 2739 civitatem,
978 2665 1119 2748 cupiens
1140 2669 1319 2748 tamquam

201 2753 253 2815 vir
287 2753 449 2835 providus
480 2755 516 2816 et
547 2753 695 2835 prudens
726 2755 887 2836 prompto
916 2754 993 2816 iura
1023 2755 1214 2818 communis
1244 2753 1319 2817 Pla·

202 2842 314 2906 centie
338 2845 562 2904 manutenere
586 2844 621 2904 et
644 2839 744 2904 illesa
767 2861 968 2906 conservare
986 2863 1054 2907 -nec
1078 2843 1115 2906 in
1131 2842 1247 2925 aliquo
1264 2843 1318 2907 de·

202 2930 312 3005 ficere,
338 2929 471 3012 legatos
493 2930 584 2992 viros
600 2929 733 2993 nobiles
750 2933 786 2994 et
801 2931 988 3013 prudentes
1005 2931 1048 2994 ad
1065 2932 1174 3015 ipsam
1191 2933 1319 2996 direxe-

200 3018 305 3080 runt³
329 3019 515 3093 civitatem,
544 3018 714 3082 instantes
738 3020 933 3084 omnimode
964 3024 999 3084 et
1029 3020 1137 3104 ipsius
1168 3020 1319 3084 civitatis
1339 3047 1366 3086 so

201 3106 399 3171 hominibus
433 3100 696 3190 precipientesb,
731 3111 773 3170 ut
802 3108 980 3173 Placentie
1010 3109 1213 3193 potestatis⁰
1249 3130 1319 3194 pre·

202 3199 302 3279 cepta
326 3196 456 3279 precise
480 3199 516 3259 et
539 3196 612 3260 sine
635 3196 752 3280 aliqua
775 3198 973 3261 conditione
1003 3199 1118 3263 facere
1142 3199 1318 3263 deberent.

202 3283 302 3363 Quod
326 3285 464 3368 quidem
487 3286 602 3350 facere
625 3289 833 3361 recusantes,
858 3287 972 3350 dictus
996 3288 1154 3352 dominus
1179 3286 1319 3352 Guiliel·

202 3394 286 3451 mus,
312 3375 489 3439 Placentie
506 3377 669 3458 potestas,
693 3375 730 3437 in
754 3373 1042 3439 MOOXXVIIII.
1068 3377 1123 3440 die
1148 3376 1320 3440 dominica

95 3485 180 3527 narce.
205 3462 261 3524 VI.
288 3465 412 3527 mensis
436 3463 545 3526 Madii
575 3463 612 3525 in
642 3464 783 3546 publica
817 3465 977 3528 contione
1013 3464 1159 3548 protulit
1189 3469 1225 3529 et
1253 3468 1318 3529 ter·
1338 3490 1365 3529 rs

95 3546 182 3641 223⁶&
200 3551 329 3614 minum
361 3551 444 3635 ipsis
470 3552 571 3615 Bobii
599 3551 739 3615 *statuit
768 3573 876 3635 usque
906 3555 950 3616 ad
973 3554 1116 3618 tertium
1142 3554 1242 3632 diem,
1274 3556 1319 3618 ad

201 3660 301 3721 quem
326 3641 355 3703 si
379 3661 446 3703 non
471 3641 629 3704 venerint
653 3642 766 3724 parati
788 3642 903 3706 iurare
927 3663 989 3706 sua
1005 3647 1169 3726 precepta
1185 3643 1319 3707 adeius

200 3727 428 3806 intellectum,
457 3730 548 3812 ipsos
573 3729 679 3817 Bobii,
697 3733 770 3794 tam
793 3731 830 3793 in
852 3731 955 3794 rebus
979 3752 1081 3814 quam
1105 3732 1142 3794 in
1165 3732 1320 3815 personis

200 3918 222 3969 a)
236 3921 267 3958 sie
280 3931 296 3962 c.
351 3920 375 3969 b)
385 3919 511 3974 pcipicntes
525 3931 541 3962 c.
596 3919 616 3970 c)
630 3921 711 3963 emend.
726 3921 819 3969 11·qu
833 3927 897 3971 putas
912 3933 944 3970 e.,·
958 3923 986 3970 cf.
1002 3923 1064 3970 infra
1076 3936 1099 3972 p.
1109 3925 1143 3972 91,
1159 3925 1174 3966 l.
1184 3924 1219 3964 82.
1229 3924 1263 3964 tl.

201 4099 228 4164 l)
250 4097 293 4161 Of.
313 4098 377 4162 Rea.
396 4097 464 4163 Imp.
488 4097 519 4164 V,
539 4114 583 4152 nr.
603 4100 704 4166 130073
729 4099 926 4164 Winkelmonn,
945 4101 1097 4154 ‘Friedrich
1109 4101 1158 4156 ΙΙ)
1177 4102 1216 4168 11,
1232 4120 1262 4170 p.
1275 4104 1319 4165 39,
1337 4111 1366 4150 4⁰

199 4185 226 4222 n.
240 4171 265 4222 2.
284 4171 328 4234 40,
347 4185 374 4222 a.
387 4170 412 4222 4.
491 4170 520 4235 2)
543 4169 585 4232 Of.
607 4169 734 4236 Grcyorii
751 4171 856 4223 litteras
872 4171 952 4223 dotas
969 4171 1044 4224 Maii
1061 4175 1103 4239 15,
1124 4173 1213 4240 Epist.
1230 4174 1275 4228 sal.
1295 4174 1318 4239 1,

196 4257 226 4307 1>-
240 4242 293 4294 304
304 4256 352 4305 sq,
370 4255 414 4293 nr.
427 4241 488 4295 385.
560 4240 588 4307 3)
608 4241 768 4293 Sententiam
787 4248 903 4310 coeptam
921 4259 974 4295 non
990 4245 1103 4311 perfecit
1121 4245 1237 4310 Codapn.
