3118 4840
442 240 633 296 IOHANNIS
652 239 900 295 OODAGNELLI
918 239 1098 294 ANNALES
1117 241 1152 296 A.
1168 244 1247 297 1217.
1375 245 1407 296 61

396 425 462 490 nie
493 425 616 488 nareis
639 424 680 487 v.
711 424 791 487 nar.
816 424 900 486 ruia
930 424 1058 488 munes
1089 424 1131 488 ue
1161 423 1273 487 tatus
1301 425 1408 508 posis
1428 406 1523 518 332⁷„

289 513 477 592 Placentie,
509 513 641 578 scilicet
672 516 770 597 porte
794 512 920 576 Sancte
944 512 1094 595 Brigide,
1122 515 1221 596 porte
1245 512 1409 577 Mediola-

289 603 405 667 nensis
429 605 464 666 et
487 605 586 686 porte
607 601 788 678 Gariverti,
814 605 849 664 et
872 602 1024 684 ipsarum
1043 604 1219 684 portarum
1246 601 1409 684 *populus
1429 622 1519 673 arceb.

290 697 393 774 atque
427 691 528 756 vallis
557 691 709 767 Tidonis,
745 690 846 752 vallis
876 690 984 754 Nurie
1020 693 1056 754 et
1085 690 1204 754 Trevie
1240 694 1275 754 et
1308 690 1409 754 vallis

250 800 263 839 a
290 780 383 844 Tarii
406 784 441 844 et
457 780 558 843 vallis
575 779 660 844 Oeni
675 779 846 862 sagittarii
864 779 1041 843 civitatem
1056 779 1234 843 Placentie
1251 779 1410 844 exierunt

290 869 326 931 in
350 889 549 932 succursum
574 871 610 933 et
633 867 800 932 auxilium
824 867 1010 931 amicorum
1034 870 1231 931 nostrorum
1247 868 1410 931 Mediola-

291 958 450 1023 nensium
487 957 657 1041 proficisci
696 960 933 1040 properantes,
981 960 1016 1021 et
1061 956 1180 1020 eadem
1223 957 1279 1021 die
1318 956 1410 1040 apud

291 1047 445 1112 Laudem
474 1047 568 1110 ultra
591 1046 728 1109 Aduam
759 1045 1036 1128 albergaverunt.
1084 1045 1206 1110 Altera
1230 1046 1285 1109 die
1318 1045 1411 1128 apud
1431 1069 1525 1111 naas.

292 1135 450 1200 Oremam
473 1135 567 1198 ultra
590 1134 724 1199 Serium
748 1135 916 1217 hospitati
938 1134 1093 1198 fuerunt.
1136 1133 1411 1198 Mediolanenses

247 1247 273 1285 10
291 1245 371 1289 vero
395 1225 432 1286 in
454 1227 583 1288 terram
608 1222 887 1288 Cremonensium
912 1223 1128 1287 intraverant
1158 1226 1193 1286 et
1216 1243 1322 1306 prope
1345 1223 1412 1284 Ru·

292 1318 521 1397 manengum⁸
549 1315 698 1376 castrum
734 1310 901 1375 Cremona
932 1332 1010 1375 suas
1045 1313 1149 1376 fixere
1184 1312 1410 1394 albergarias;

292 1406 328 1466 et
344 1423 385 1466 ea
397 1402 453 1466 die
465 1405 614 1465 castrum
629 1401 761 1464 Trivuli
773 1421 834 1483 per
847 1401 916 1463 vim
929 1404 1095 1484 oeperunt
1108 1404 1143 1464 et
1157 1400 1411 1474 destruxerunt,
1490 1437 1493 1441 ,

292 1491 329 1552 in
352 1510 420 1573 quo
444 1491 536 1554 circa
559 1490 623 1553 LX
646 1489 801 1554 homines
826 1489 1032 1566 habuerunt,
1064 1509 1149 1572 quos
1172 1489 1282 1552 victos
1306 1492 1341 1552 et
1364 1489 1412 1551 in-

293 1572 504 1643 carceratosb
533 1599 648 1643 secum
673 1580 856 1642 duxerunt.

248 1688 274 1726 rs
400 1668 466 1731 Die
489 1687 571 1732 vero
586 1667 679 1730 Iovis
697 1667 855 1750 sequenti
872 1666 1066 1730 Placentini
1086 1670 1121 1730 et
1137 1666 1412 1730 Mediolanenses
1431 1688 1526 1732 ruam.

292 1756 434 1820 insimul
464 1776 499 1820 se
530 1757 765 1820 coadunantes
789 1756 880 1838 apud
906 1755 1136 1819 Zovenoldum
1162 1757 1311 1818 castrum
1337 1753 1412 1818 Ore·

292 1866 392 1909 mone
410 1846 669 1909 castramentati
685 1845 830 1907 luerunt
840 1844 861 1920 ¹,
879 1848 915 1908 et
932 1865 972 1908 ea
988 1844 1044 1908 die
1060 1844 1168 1927 ipsius
1183 1843 1251 1907 loci
1263 1844 1412 1925 burgum

292 1934 456 1998 maiorem
473 1937 508 1998 et
524 1933 701 1998 meliorem
718 1933 945 1997 Pontenurii2
968 1937 1143 2016 ceperunt,
1169 1933 1414 1996 destruxerunt

293 2027 328 2087 et
352 2024 596 2098 conbuserunt,
621 2023 738 2086 vineas
757 2043 902 2105 quoque,
927 2021 1066 2086 arbores
1090 2025 1125 2085 et
1150 2022 1235 2085 alias
1258 2041 1322 2098 res,
1347 2041 1413 2104 que

248 2133 274 2171 eo
294 2115 393 2175 erant
417 2112 508 2175 circa
530 2112 644 2194 ipsum
667 2111 791 2187 locum,
818 2110 1021 2194 depopulati
1043 2110 1198 2174 fuerunt.

401 2200 467 2264 Die
497 2203 614 2263 autem
637 2199 781 2262 Veneris
812 2200 979 2282 sequenti,
1016 2199 1135 2262 castris
1169 2199 1309 2262 eodem⁰
1337 2198 1413 2262 loco
1433 2220 1527 2262 runco.

295 2288 531 2363 existentibus,
563 2287 691 2351 milites
714 2286 903 2351 Mediolani
935 2291 970 2350 et
993 2287 1171 2351 Placentia
1194 2307 1273 2350 cum
1296 2307 1413 2350 eorum

295 2376 483 2460 sagittariis
508 2379 544 2439 et
567 2376 765 2439 marchione
783 2375 1000 2458 Malaspiue³
1023 2376 1274 2458 equitaverunt,
1300 2375 1414 2439 locum

295 2465 439 2529 Sorisini
455 2468 491 2528 et
507 2467 656 2528 castrum
670 2461 830 2527 Grutorti
846 2467 881 2528 et
897 2464 1046 2548 burgum
1062 2465 1105 2528 de
1119 2458 1414 2528 Oasaled-morato

250 2574 276 2613 as
295 2557 330 2619 et
353 2554 468 2618 locum
492 2553 592 2616 Anne
617 2555 783 2636 ceperunt
812 2556 848 2616 et
872 2552 1113 2629 conbuserunt,
1138 2553 1256 2616 vineas
1279 2574 1414 2636 quoque

294 2643 422 2706 multas
454 2643 544 2706 circa
573 2641 688 2705 locum
712 2641 869 2718 Scrixini,
902 2641 1039 2707 arbores
1070 2644 1106 2706 et
1135 2641 1220 2704 alias
1250 2662 1304 2706 res
1333 2643 1414 2706 inei·

295 2732 422 2796 derunt
446 2735 481 2794 et
505 2733 736 2795 vastaverunt.

402 2820 467 2884 Die
498 2819 634 2884 sabbati
664 2819 775 2903 primo
805 2820 932 2883 mensis
956 2819 1039 2882 Iulii
1069 2839 1131 2882 sua
1161 2819 1320 2883 similiter
1348 2839 1415 2882 mo·
1434 2840 1510 2883 run

294 2913 419 2973 verunt
454 2913 576 2986 castra,
613 2909 704 2972 circa
738 2911 890 2972 castrum
925 2908 1096 2972 Alcanelli
1128 2929 1190 2973 sua
1225 2911 1416 2991 posuerunt

250 3020 276 3059 cc
296 3002 423 3074 castra;
463 2998 555 3080 quod
594 3001 744 3062 castrum
779 2997 932 3080 undique
968 3001 1042 3062 erat
1077 3001 1261 3060 muratum,
1319 2997 1415 3059 Illud

295 3086 433 3169 quidem
459 3085 655 3150 *diruerunt
678 3089 714 3150 et
731 3087 869 3169 penitus
886 3087 1139 3163 destruxerunt,
1165 3086 1313 3168 burgum
1337 3105 1416 3167 quo·
1434 3106 1521 3155 eaeo.

296 3194 362 3256 que
385 3195 558 3257 magnum,
588 3175 795 3256 quodcirca
821 3174 911 3237 illud
942 3178 1092 3238 castrum
1123 3178 1207 3250 erat,
1237 3175 1317 3257 igne
1349 3194 1416 3236 cre-

296 3267 493 3339 maverunt;
526 3267 561 3327 et
592 3283 632 3326 ea
662 3263 717 3326 die
748 3265 899 3326 castrum
930 3265 966 3326 et
994 3263 1142 3345 burgum
1167 3262 1209 3326 de
1233 3262 1416 3325 Platabixa

296 3351 456 3415 similiter
479 3351 660 3415 diruerunt
684 3354 719 3414 et
743 3352 989 3415 destruxerunt
1019 3353 1054 3415 et
1077 3350 1216 3414 arbores
1240 3354 1275 3413 et
1298 3350 1415 3414 vineas

252 3462 277 3501 a
296 3443 332 3504 et
355 3439 441 3503 alias
464 3460 518 3503 res
540 3440 747 3503 inciderunt.
795 3439 861 3502 Die
886 3439 1056 3502 dominico
1088 3440 1238 3502 secundo
1262 3439 1415 3504 eiusdem
1435 3463 1509 3506 rur.

297 3529 422 3592 mensis
438 3528 531 3605 Iulii,
549 3528 670 3592 castris
686 3528 813 3593 ibidem
832 3528 1068 3606 existentibus,
1085 3526 1214 3592 milites
1226 3528 1416 3592 Mediolani

297 3620 332 3680 et
353 3617 531 3681 Placentie
555 3638 633 3680 cum
658 3637 775 3681 eorum
799 3616 988 3699 sagittariis
1012 3621 1047 3681 et
1072 3616 1132 3679 alii
1155 3636 1273 3682 omnes
1297 3617 1416 3700 quiin

297 3725 414 3770 eorum
437 3709 605 3770 venerant
628 3706 794 3769 auxilium
818 3706 942 3769 armati
973 3709 1009 3770 et
1032 3705 1191 3770 asclerati
1215 3707 1259 3770 ad
1283 3705 1416 3771 Oasale·

296 3878 319 3929 a)
339 3879 462 3927 emendam
480 3879 646 3928 mmrlengum
661 3889 691 3926 c.,·
708 3878 874 3928 Ruminengum
889 3879 953 3920 Galo.
967 3879 1078 3927 Flamma,
1097 3878 1183 3927 Monta.
1202 3889 1220 3921 e.
1230 3878 1277 3921 250.
1344 3879 1367 3926 b)
1384 3880 1417 3918 in-

251 3938 279 3976 40
297 3936 412 3972 catenatos
426 3934 520 3980 sortasse
534 3932 696 3974 emendandum.
750 3930 771 3982 c)
785 3930 857 3971 eidem
871 3943 888 3973 e.
942 3930 966 3979 d)
980 3932 1102 3980 emendam
1116 3933 1164 3971 cale
1178 3943 1195 3974 c.

299 4075 325 4140 1)
354 4074 494 4140 Camenae,
514 4073 699 4139 Neeerieeeee,
718 4074 896 4139 Verceltenees,
916 4073 1118 4126 alexandrinae
1135 4077 1165 4126 r'n
1184 4074 1234 4125 hac
1251 4075 1416 4140 expeditione

297 4144 418 4208 adfuisse
441 4147 564 4210 referunt
588 4146 662 4199 Aen.
682 4146 800 4200 Gremoe.
906 4145 935 4213 2)
961 4144 1142 4214 Interpretare
1165 4147 1223 4196 ecee·
1244 4143 1416 4198 Pontenurio

297 4218 427 4283 scriptum
444 4223 516 4270 esset.
588 4219 618 4278 3)
638 4217 785 4270 Guitbtmc.
