3118 4840
206 245 242 303 ι
650 245 883 324 sussum

215 451 285 514 cum
293 429 411 512 populo
419 434 547 510 parum
561 427 764 509 imperatoris
778 428 909 509 ferente.
952 429 1041 510 Quod
1054 429 1191 496 moninus
1206 429 1330 509 factum

215 524 261 584 est
282 540 313 583 0.
333 522 563 597 1232-1235,
580 523 712 598 utraque
720 523 824 599 parte,
838 523 966 598 portem
974 517 1087 602 populi
1101 517 1327 584 adiuuantibus

220 605 488 687 (tremonensibus,
517 604 659 687 oranter
680 605 765 670 inter
786 627 819 670 se
848 605 1043 688 confliaente.
1094 607 1184 688 Quod
1210 604 1326 689 00009-

215 696 332 760 nellum
354 700 428 759 tunc
449 693 542 758 rebus
568 693 665 776 uestis
686 693 861 759 scribendis
882 693 1108 760 incumbentem
1130 694 1328 760 couunooissc
1410 725 1413 735 Α

215 783 347 865 uidetur,
363 788 399 847 ut
411 782 558 862 fabulam
573 784 611 846 de
626 781 774 860 conflictu
789 781 926 846 militum
940 789 970 847 et
978 782 1091 864 populi
1105 783 1172 848 iam
1188 789 1329 848 a1090.

214 872 301 952 facto
329 877 530 952 componeret.
576 870 736 935 Fabulam
764 870 850 935 enim
877 891 943 936 esse
971 871 1055 936 banc
1086 871 1327 937 narrationem¹

215 981 304 1025 nemo
327 980 392 1025 non
414 958 593 1042 perspicere
615 965 725 1040 potest,
761 958 816 1039 qui
832 959 1037 1041 perpenderit
1059 966 1170 1042 partes
1191 960 1327 1025 militmn

216 1055 245 1114 et
265 1047 373 1130 populi
394 1049 517 1113 saeuelo
535 1047 601 1114 XI.
625 1054 754 1112 eueunte
775 1047 812 1112 iu
836 1047 1015 1112 civitatibus
1038 1048 1166 1114 Italicis
1188 1051 1328 1114 nondum
1413 1077 1417 1085 ¹

216 1136 355 1202 astitisse
376 1137 424 1201 uel
445 1136 555 1201 saltem
577 1156 642 1200 uon
664 1135 712 1200 ito
733 1136 892 1216 formatas
913 1135 1023 1218 fuisse,
1046 1143 1082 1201 ut
1099 1137 1202 1202 altera
1217 1143 1329 1203 contra

216 1226 351 1291 alteram
373 1227 411 1290 cle
432 1223 585 1307 reyimine
607 1223 745 1290 ciuitatis
768 1225 951 1290 contendere
966 1225 1128 1307 potuisset,
1159 1228 1243 1307 quod
1263 1247 1329 1290 sae

217 1315 285 1380 culo
302 1313 412 1378 XIII.
429 1313 556 1378 ineunte
578 1312 615 1378 in
637 1312 744 1377 multis
767 1313 947 1378 ciuitatibus
968 1313 1089 1393 factmu
1112 1321 1172 1395 est,·
1195 1314 1250 1395 qui
1263 1321 1328 1379 tum
1391 1371 1393 1376 .

216 1401 393 1485 coonooerit
425 1407 520 1466 totam
552 1401 636 1466 banc
665 1401 885 1466 narrationem
913 1403 1065 1481 refertam
1093 1423 1158 1468 esse
1186 1402 1328 1481 flosculis

216 1490 372 1556 orationis
398 1489 674 1571 Codaqnellianae,
704 1511 781 1571 quos
810 1511 900 1555 nemo
929 1490 996 1555 uisi
1024 1490 1091 1572 unse
1122 1490 1331 1574 Oodaynellus

216 1579 351 1645 scribere
374 1578 535 1660 potuisset,
570 1578 626 1660 qui
658 1600 743 1660 sone,
780 1578 847 1643 nisi
877 1581 914 1644 cle
945 1579 1037 1643 rebus
1066 1602 1097 1644 a.
1117 1586 1211 1644 1000.
1232 1579 1332 1662 ontis

217 1668 373 1749 copiosam
402 1666 585 1732 relationem
613 1667 765 1748 scribtam
793 1667 973 1748 inuenisset,
1008 1674 1073 1732 tam
1101 1668 1263 1734 uberrima
1291 1670 1330 1733 de

216 1756 284 1822 illis
298 1758 391 1821 rebus
404 1755 525 1835 referre
539 1755 786 1836 haudquaquam
797 1755 967 1837 potuisset·
989 1763 1102 1821 etcum
1121 1757 1330 1840 0000900000

211 1845 389 1927 permultas
418 1844 503 1909 alios
531 1845 661 1923 fabulas
690 1843 905 1926 amplissimas
934 1846 1086 1910 derebus
1108 1843 1333 1911 Lombarclicis

218 1932 360 2014 antiquis
384 1938 571 1998 commentus
592 1933 643 2012 sit,
668 1953 757 1996 nemo
787 1931 915 2014 necabit
945 1933 1029 1998 banc
1051 1932 1147 1998 etium
1168 1955 1238 1999 eum
1260 1955 1329 2000 con-

217 2021 359 2102 sinnisse.
407 2022 483 2086 Non
505 2020 630 2102 000000
652 2020 780 2086 omnino
803 2021 916 2103 necari
938 2027 1041 2104 potest
1069 2022 1241 2104 quidquam
1262 2021 1330 2086 ueri
1452 2093 1461 2100 ᾖ
1553 2079 1554 2090 ,

217 2111 292 2176 buic
313 2109 497 2176 narrationi
519 2109 630 2190 inesse,
655 2111 710 2174 sed
731 2109 786 2191 qui
801 2109 999 2191 quaesiuerit,
1023 2110 1102 2192 quid
1114 2111 1182 2175 ueri
1197 2111 1227 2176 ei
1241 2110 1328 2189 insit,

217 2197 383 2264 historiam
412 2198 507 2264 etiam
536 2198 656 2264 Attilae
689 2219 796 2263 oerom
822 2221 838 2264 e
868 2198 1010 2264 carmine
1039 2199 1247 2281 Nibeluuaico
1280 2219 1329 2264 eu-

217 2288 336 2354 tricore
344 2287 471 2370 poterit.
510 2286 750 2368 Imprudentius
765 2287 896 2353 editores
905 2287 1034 2369 priores
1044 2287 1135 2353 illam
1145 2288 1329 2354 relationem

218 2376 282 2443 alio
316 2376 381 2442 loco
415 2375 531 2442 codicis
559 2375 710 2441 Parisini
738 2375 888 2458 suentem
918 2376 1102 2442 Annalibus
1133 2376 1331 2442 Placentinis

218 2465 307 2531 illius
335 2464 482 2546 temporis
510 2464 634 2547 ebionis
663 2471 756 2546 atque
778 2465 883 2531 aridis
904 2465 1150 2546 inculcaoerunt,
1175 2488 1196 2530 a
1218 2465 1333 2548 quibrcs

224 2553 432 2635 Godaonellus
455 2553 589 2634 procide
618 2575 687 2618 eam
714 2553 880 2635 separauit,
934 2555 1035 2635 Quom
1057 2560 1197 2634 repetem
1218 2554 1330 2620 Anno·

220 2642 302 2708 libus
319 2641 484 2722 praemisi.

325 2730 417 2795 Inter
445 2730 549 2810 fontes
571 2729 690 2794 Italiae
718 2729 893 2811 superioris
922 2730 1040 2795 soeculi
1071 2731 1160 2796 XII.
1191 2730 1331 2796 coeuntis

219 2826 311 2901 00]οθ
335 2819 447 2884 XIII.
470 2818 613 2884 ineuntis
627 2817 773 2901 primum
795 2819 895 2884 locum
914 2818 1099 2901 (lodaonelli
1116 2819 1261 2884 Annales
1284 2822 1332 2884 ob·

219 2907 519 2990 tinentsineoleois
530 2908 676 2972 Annales
688 2906 866 2971 Iauuenses
876 2906 1029 2972 bistoriue
1040 2907 1181 2972 aliorum
1186 2909 1333 2990 partium

220 2998 318 3063 lucem
340 2995 517 3075 afferentes.
561 2996 623 3078 Qui
638 2995 784 3060 Annales
799 2995 983 3060 Placentini
1005 2997 1045 3060 ob
1068 2997 1332 3061 0103100νο0-

221 3093 328 3166 untur,
352 3087 408 3150 sed
429 3087 468 3150 ab
491 3086 548 3150 boc
563 3105 649 3148 anuo
665 3105 781 3167 maone
796 3083 887 3148 biatu
903 3085 947 3148 00
961 3106 990 3147 0.
1008 3091 1101 3149 1004.
1119 3085 1331 3150 transsiliunt.

220 3175 314 3240 Patet
347 3173 572 3256 Codaonellum
605 3171 721 3238 obluinc
755 3174 889 3238 annales
923 3173 1121 3238 brevissimos
1148 3174 1333 3239 Placentiae

220 3263 304 3348 caclo
330 3261 476 3344 paschali
509 3263 644 3342 tortasse
678 3261 854 3344 adscriptos
883 3261 1115 3343 eusmcnsissess,
1150 3262 1332 3345 quibuscum

221 3511 248 3577 1)
266 3507 297 3562 P.
311 3510 393 3563 1-3.
411 3508 534 3560 editioms
552 3511 666 3560 nostrae.
749 3505 777 3573 2)
796 3505 831 3557 In
849 3507 933 3558 codice
955 3505 1059 3572 quidem
1076 3513 1167 3558 nostro
1185 3503 1334 3560 Millssimo

221 3577 392 3644 duodecimo,
411 3579 507 3630 oclsvo
526 3575 590 3632 Kal.
609 3575 697 3628 Medii
721 3579 850 3644 scribtum
876 3583 923 3628 out
948 3577 1057 3645 abipso
1076 3577 1231 3643 Codaynello
1249 3585 1297 3629 out
1315 3594 1334 3628 0

220 3650 308 3703 scribo
325 3655 480 3716 corruptum
504 3654 541 3700 est
563 3665 596 3700 en
613 3646 762 3700 Millssimo
781 3645 889 3702 XXXI.
909 3646 1014 3701 decimo
1040 3651 1135 3701 octavo
1153 3646 1217 3703 Kal.
1236 3646 1332 3714 Madii,

220 3737 274 3789 quo
300 3721 403 3773 lenione
427 3735 504 3772 verus
522 3735 611 3772 onnus
630 3725 652 3771 et
670 3735 747 3770 uerus
765 3721 821 3772 clins
838 3722 880 3770 rei
896 3719 935 3770 ibi
949 3719 1047 3772 relatae
1064 3720 1228 3774 indicantur.
1260 3720 1334 3784 Quae

221 3792 325 3859 0000000
343 3791 462 3858 sequitur
479 3789 628 3843 indictione
646 3789 681 3844 X.
701 3806 773 3842 anuo
793 3793 869 3845 1031.
889 3807 942 3843 uon
966 3791 1114 3857 concordat,
1140 3805 1191 3858 quo
1216 3791 1273 3854 fuit
1291 3793 1333 3842 in-

221 3863 299 3914 dictio
311 3861 392 3916 XIV.
483 3863 511 3928 3)
534 3862 609 3924 Qreool
625 3877 683 3913 cum
704 3862 735 3913 G.
749 3861 785 3915 H.
799 3861 887 3928 Perti,
910 3861 1054 3915 ‘Abhoudl
1072 3862 1098 3916 0,
1117 3861 1179 3928 Ka.
1199 3861 1286 3915 Auca.
1306 3862 1333 3916 0.

226 3934 304 3991 Wiss,
329 3949 364 3984 zu
382 3932 484 3998 Berlin,
510 3932 661 3986 Phil-bist.
688 3933 736 3986 ol!
761 3935 839 3988 1853.
859 3949 889 3998 p.
910 3934 970 3988 006.
995 3938 1062 3985 recto
1084 3934 1226 3998 statuisset,
1251 3947 1333 3984 comes

220 4004 390 4057 Pollastrelli
406 4004 589 4070 imprudenter
606 4005 710 4070 nouauit
727 4021 753 4071 p.
765 4003 818 4057 XI.
837 4005 941 4056 dunis:
960 4002 1096 4055 ‘Orouiobe
1121 4018 1136 4054 o
1154 4003 1258 4055 Annali
1271 4004 1333 4071 pia-

220 4077 318 4128 ceutini
335 4075 388 4142 piu
407 4075 508 4126 autulii
525 4075 555 4126 cli
571 4075 628 4142 que’
646 4075 688 4127 00
706 4074 862 4140 0000ρο010
887 4088 940 4125 non
965 4075 1133 4138 conosciomo,
1154 4073 1186 4125 ni
1203 4076 1229 4126 ci
1244 4073 1257 4125 i
1274 4079 1334 4126 uoto

220 4147 265 4198 obe
282 4145 403 4212 fossero',
420 4146 575 4214 simpliciter
592 4148 723 4212 ionorons
741 4145 789 4197 boc
807 4147 924 4211 coonosci
936 4159 1014 4210 posse
1031 4160 1084 4197 000
1101 4145 1175 4198 modo
1187 4161 1220 4198 ca·
1233 4144 1332 4211 Codan-

221 4218 287 4270 uelli
303 4217 465 4282 Annalibus,
482 4218 528 4269 scol
544 4225 568 4270 et
586 4233 619 4268 ea
636 4217 827 4284 posterioribus
845 4216 976 4268 chronicis
993 4215 1161 4270 Placentinis.
