3118 4840
666 270 895 328 PRAEFATIO.

313 459 345 522 A
368 455 579 540 Oodagnello
602 454 755 520 sensnm
777 455 871 519 dicia
894 455 1059 534 Iohanne,

314 545 389 625 Qne
412 546 502 609 sicui
524 545 665 609 fuerant
686 544 766 607 istic
789 543 989 627 perstrinxii
1011 545 1049 606 in
1070 565 1188 622 unum,

313 636 397 699 ans
420 635 501 699 inde
524 652 669 716 sequens
690 634 735 723 ui
755 632 898 717 colligat
919 632 1119 698 utilitatem.

225 724 290 790 Vel
313 724 377 788 sie:
782 745 784 748 ’

314 812 560 876 Universamm
604 810 674 873 fuis
697 809 780 874 olim
802 813 938 894 tempus
962 830 1137 893 aquarum,

222 940 224 945 -
314 901 365 964 Ex
387 921 454 983 quo
478 902 604 964 cuneta
625 898 699 963 fere
736 902 818 962 suni
841 899 905 963 hee
928 919 994 981 que
1017 902 1115 982 gesia
1137 899 1245 978 fuere,

314 990 359 1052 Et
382 991 464 1052 sunt
487 988 551 1051 hec
574 987 673 1050 annis
712 986 907 1072 Capuiagni
924 987 1053 1071 scripio
1071 988 1246 1066 Iohannis,

315 1076 389 1156 Quo
413 1077 461 1142 sic
485 1075 686 1160 porsirinxii
731 1079 767 1140 ei
789 1075 827 1138 in
848 1097 918 1139 uno
941 1079 1094 1159 tempore
1117 1077 1227 1140 finxit.

233 1182 299 1250 Ubi
321 1181 418 1261 facile
440 1179 674 1262 eormrehendis
695 1201 809 1246 nomen
829 1179 1012 1262 Codccaelli
1028 1180 1066 1246 in
1081 1181 1194 1264 priore
1208 1181 1337 1265 stroplca

225 1270 378 1353 scriptam
394 1269 432 1335 in
450 1271 551 1335 altera
566 1289 691 1334 ansam
707 1268 746 1334 in
762 1290 875 1334 nomen
890 1269 1053 1351 Latinam,
1077 1291 1147 1336 ann
1162 1292 1201 1337 eo
1216 1269 1255 1334 in
1268 1270 1337 1336 dia·

226 1359 301 1426 lecto
317 1357 528 1424 Lombardica
544 1357 586 1422 sit
600 1363 702 1438 capul.
746 1358 828 1439 Quos
842 1378 950 1422 versus
967 1357 1092 1424 sirecte
1106 1357 1335 1440 interpretaris,

220 1445 379 1532 persciens
407 1445 502 1526 eiiam
530 1445 635 1528 ipsam
663 1443 885 1529 Oodoqnellmn
907 1446 1089 1526 professam
1122 1467 1187 1512 esse
1220 1467 1253 1511 se
1285 1466 1338 1512 res

224 1542 330 1619 nestas
358 1558 380 1600 a
409 1533 528 1600 dilanio
550 1534 705 1599 nnioerso
733 1554 830 1615 nsque
858 1535 903 1599 ad
923 1555 1015 1598 snam
1037 1542 1155 1616 temmrs
1176 1535 1233 1600 loc
1255 1534 1337 1601 libro

226 1623 456 1706 conscripsisse,
486 1643 557 1688 cam
586 1622 700 1688 diserte
729 1626 854 1689 cancia
883 1624 956 1688 fers
979 1645 1066 1707 quae
1087 1630 1161 1705 post
1182 1623 1337 1688 ddnrimn

227 1717 325 1796 gesta
353 1714 451 1778 fuere
480 1712 537 1777 loc
559 1711 640 1777 libro
662 1733 695 1776 se
717 1710 983 1792 eonarrelcendisse
1005 1711 1131 1793 dicerit,
1160 1714 1243 1794 qaod
1262 1732 1337 1794 pro

226 1801 313 1881 fiteri
334 1822 400 1866 non
417 1800 578 1882 potuisset,
601 1799 631 1865 si
647 1799 790 1881 priorem
805 1805 928 1865 tantam
945 1807 1072 1882 partem
1093 1799 1169 1865 libri
1188 1799 1338 1865 Parisini

228 1887 267 1971 (f.
287 1891 413 1973 1—56)
438 1888 681 1971 conscrc'ycscsset,
705 1890 788 1971 qaod
808 1888 848 1954 G.
865 1889 911 1953 H.
927 1889 1031 1970 Perta,
1055 1895 1090 1954 at
1111 1888 1214 1970 ipsiras
1235 1887 1338 1954 cerlis

226 1984 309 2060 ntor,
340 1978 451 2044 calida
479 1977 603 2042 rotrone
631 1978 722 2043 nulla
750 1977 842 2042 nisus
869 1984 936 2042 tam
964 1981 1114 2044 audacter
1135 1998 1232 2059 qnam
1252 1977 1338 2057 falso

227 2066 385 2132 contendit
393 2069 414 2128 ¹.
468 2067 558 2133 Unde
587 2065 655 2131 iam
683 2066 788 2148 casam
816 2063 1039 2148 Codaynellnm
1061 2073 1165 2132 testem
1187 2067 1337 2131 habemas

227 2176 260 2220 se
277 2155 425 2220 Annales
443 2154 648 2219 Placentinos
669 2177 700 2219 a.
720 2160 802 2218 1012
823 2149 1080 2238 (loon—1235.
1104 2153 1199 2219 linias
1221 2153 1337 2220 codicis

227 2242 441 2325 conmosnrsse,
465 2242 495 2306 si
518 2247 590 2306 teste
611 2241 648 2306 in
670 2262 705 2307 re
727 2241 794 2306 iam
816 2263 882 2307 non
903 2241 1001 2308 dnbio
1023 2263 1099 2325 opas
1121 2249 1208 2308 esset.

334 2331 385 2396 De
417 2330 485 2395 cita
517 2329 679 2394 Iohannis
716 2329 899 2412 Oodacnelli
932 2330 974 2395 B.
1009 2351 1108 2396 canes
1141 2329 1339 2396 Pallastrelli

227 2420 383 2502 quaedam
405 2418 513 2484 attnlit
533 2438 571 2483 ecc
593 2418 692 2483 cartis
713 2418 818 2483 adlnc
831 2417 962 2483 ineditis
976 2418 1100 2485 arciiei
1120 2418 1339 2485 aennensis

227 2515 257 2573 et
271 2507 491 2589 &annornm
510 2507 647 2592 orandis
670 2513 699 2572 et
720 2506 864 2572 marzani
879 2506 1147 2589 Placentinorum,
1171 2528 1251 2589 qnae
1268 2528 1339 2572 cnm

228 2619 258 2661 a.
287 2602 381 2661 1891.
411 2595 560 2662 manilns
589 2601 718 2661 tererem
728 2597 748 2676 ²,
783 2595 880 2677 dolui,
913 2598 997 2678 qaod
1024 2617 1090 2661 non
1118 2602 1237 2678 tempas
1258 2595 1339 2661 mili

228 2692 306 2751 essct
328 2691 491 2751 cartarum
511 2684 834 2770 Oodaqnellianarnm
856 2685 904 2750 nel
923 2684 1144 2767 yraoissarnm
1166 2684 1339 2749 exscriben-

229 2777 353 2840 darnm.
400 2774 499 2855 Spero
527 2773 564 2838 in
586 2772 695 2852 futare
717 2773 832 2838 itinere
854 2773 970 2839 Italico
991 2795 1040 2838 me
1061 2774 1119 2839 lroc
1140 2779 1340 2838 enecatarum

229 2884 302 2944 esse,
332 2861 400 2928 nisi
428 2861 558 2927 interim
586 2862 646 2927 lae
676 2868 783 2928 cartae
810 2885 832 2927 a
860 2861 941 2926 airis
969 2862 1066 2928 doctr's
1089 2861 1216 2928 Italicis
1238 2861 1339 2926 editae

228 2957 329 3016 ernnt.
376 2950 450 3014 Iam
464 2950 582 3032 panas
604 2950 696 3016 nobis
717 2953 886 3033 repetenda
914 2958 988 3016 sant
1009 2973 1089 3033 qnae
1111 2953 1218 3016 doctas
1239 2949 1340 3014 editor

228 3038 437 3104 Placentinus
459 3038 631 3121 eaposnitl.
674 3039 736 3121 Qui
754 3039 859 3106 docuit
875 3040 986 3121 plnres
1000 3040 1086 3104 ciros
1098 3038 1203 3122 nentis
1223 3037 1339 3119 Cadae-

228 3129 381 3192 nelloram
393 3127 577 3193 Placentiae
591 3127 717 3208 eiecisse,
733 3127 876 3193 mdclicet
889 3127 927 3193 in
941 3135 1032 3194 carta
1043 3151 1073 3193 a.
1090 3133 1184 3191 1199.
1194 3126 1271 3191 Dec.
1285 3131 1338 3189 22.

228 3216 398 3281 Robertam
426 3213 630 3299 Caput-coni
656 3222 761 3281 testem
783 3236 945 3282 occurrere
973 3219 1163 3297 candentque
1191 3238 1222 3280 a.
1244 3220 1338 3278 1202.

229 3304 305 3368 Ian.
321 3310 370 3368 11.
386 3303 472 3369 inter
487 3303 689 3370 consiliarios
706 3304 902 3370 credentiae⁴
913 3304 1083 3369 Robertam
1099 3303 1340 3385 Capul-aonelli

229 3391 345 3458 dictmn
361 3413 434 3474 esse,
450 3391 534 3458 inter
544 3391 661 3457 milites
670 3392 874 3458 Placentinos
884 3393 922 3458 in
936 3399 1026 3458 carta
1040 3415 1070 3457 a.
1084 3398 1177 3457 1221.
1191 3392 1272 3456 Noa.
1286 3397 1338 3454 27.

229 3480 359 3546 Scatam
377 3480 609 3563 cccccccccc,
636 3479 786 3548 Ulertnm
809 3481 1041 3564 Oodacnellnm,
1060 3479 1258 3545 Palmeriam
1284 3479 1340 3545 Co

229 3570 408 3651 saccellum
424 3569 521 3635 dictos
536 3590 610 3634 esse.
654 3569 774 3651 Quibus
789 3571 871 3635 addo
887 3576 1009 3635 cartam
1024 3571 1063 3634 al
1079 3568 1207 3634 Alberto
1228 3567 1340 3650 Gapal-

229 3657 347 3811 cbynelli
372 3657 715 3828 nomioioqsmsffio
737 3680 782 3723 an
792 3746 798 3758 .
801 3665 905 3812 ogotetr5
922 3657 1024 3828 negari
1047 3655 1341 3825 Iohannistflrcciheerritt}

259 3766 455 3812 rerncnaec.
559 3798 565 3810 .
662 3767 819 3830 ..scrip
906 3793 913 3807 .
1005 3767 1136 3828 aenens
1164 3766 1211 3811 cce

229 3955 256 4022 1)
269 3954 318 4007 SS.
332 3953 444 4021 XVIII,
454 3971 483 4021 p.
492 3956 554 4010 404.
607 3956 636 4023 2)
653 3954 698 4008 (Ν,
710 3955 822 4008 Archia*
830 3954 926 4020 XVII,
933 3972 964 4021 Ρ.
973 3957 1026 4010 475
1034 3971 1073 4022 ες.
1127 3954 1198 4023 311).
1212 3954 1341 4010 VII-X.

227 4026 256 4088 4)
276 4025 330 4090 Qut
346 4024 497 4078 Placentiae
521 4027 615 4076 iurant
640 4026 762 4078 indutias
786 4042 811 4080 a.
825 4027 902 4082 1202.
921 4027 983 4086 Ian.
997 4028 1040 4082 10.
1054 4042 1139 4094 prope
1155 4026 1254 4078 &num
1271 4028 1341 4077 inter

227 4094 396 4149 Placentinos
419 4101 443 4148 ct
460 4096 616 4148 Parmensis
635 4097 866 4164 Granoncnscsqae
883 4098 978 4162 factas,
1002 4113 1056 4164 qna
1080 4097 1111 4149 dc
1134 4113 1165 4149 rc
1181 4099 1240 4150 cide
1260 4097 1340 4160 infra

223 4166 338 4292 pyHoIr).
392 4168 421 4234 5)
432 4167 539 4232 Fc'clcer,
553 4168 825 4224 ‘Forsch.2.1ter'cl1s-
833 4184 860 4223 n.
870 4168 1047 4235 Rechtsecsclc.
1056 4168 1186 4235 Ital'IV,
1195 4187 1225 4236 p.
1235 4169 1340 4234 norm,

228 4242 302 4291 nni
340 4279 347 4292 .
