3118 4840
223 245 258 296 42
335 239 526 295 IOHANNIS
545 238 792 294 OODAGNELLI
811 238 992 294 ANNALES
1009 236 1045 294 A.
1061 243 1138 295 1212.
1160 243 1236 296 1213.

127 405 204 462 1212.

57 474 208 523 murco).

331 424 396 489 Die
420 428 537 488 autem
561 424 684 488 Martis
707 424 871 507 proximo,
896 423 1000 486 XIII.
1026 423 1104 487 Kal.
1130 422 1342 507 Septembris

223 513 364 597 quidam
395 533 481 596 puer
510 513 768 578 Theothonicus
802 513 901 596 signo
936 512 1047 577 crucis
1081 513 1247 594 signatuS,
1283 513 1342 594 qui

222 602 412 666 vocabatur
435 601 625 665 Nicholaus
636 602 656 678 1,
686 622 763 666 cum
795 622 921 685 magna
951 604 987 665 et
1016 601 1199 666 indefinita
1229 600 1341 664 multi-

223 691 346 755 tudine
369 690 683 755 Theothonioorum
716 710 900 775 puerorum
930 693 966 754 ct
995 689 1183 754 infantium
1214 689 1342 754 lactan-

224 780 312 843 tium
324 780 344 856 ²,
384 779 566 844 mulierum
603 782 639 844 et
673 778 877 864 puellarum,
917 778 1015 862 signo
1054 779 1164 843 crucis
1201 779 1378 843 Dominis

224 869 448 952 signatorum,
486 889 546 951 per
578 868 792 933 Placentiam
823 867 1010 932 transitum
1044 868 1213 944 fecerunt,
1249 867 1343 931 ultra

224 977 317 1022 mare
348 957 517 1042 proficisci
546 957 764 1022 festinantes.
818 956 991 1021 Dicebant
1021 957 1122 1033 enirn,
1154 957 1246 1039 quod
1276 956 1343 1039 ipsi

224 1067 331 1132 puero
354 1066 415 1130 per
438 1045 598 1130 angelum
629 1046 831 1110 nuntiatum
861 1049 946 1122 erat,
978 1045 1070 1128 quod
1099 1046 1173 1130 ipse
1204 1049 1239 1109 et
1269 1045 1342 1110 eius

224 1155 386 1218 sequaces
416 1134 612 1220 sepulcrum
643 1134 783 1199 Domini
813 1134 856 1199 de
886 1135 1046 1198 manibus
1076 1138 1112 1198 et
1134 1135 1265 1200 virtute
1295 1135 1342 1197 in-

224 1225 382 1307 iquorum
406 1244 445 1288 ac
468 1223 694 1307 pessimorum
710 1223 957 1288 Saracenorum
978 1243 1179 1308 recuperare
1203 1223 1341 1289 debent.
1363 1251 1389 1289 ιο

107 1340 204 1383 nasa.
331 1311 512 1389 MOOXII,
536 1312 727 1377 indictione
748 1313 866 1396 prima,
892 1312 947 1377 die
964 1312 1108 1377 Veneris
1121 1312 1244 1376 VIIII.
1262 1312 1341 1375 Kal.

225 1401 425 1466 Decembris
464 1400 660 1466 Placentini
697 1402 836 1466 iverunt
874 1401 1023 1466 Bobium
1066 1407 1102 1466 et
1140 1400 1343 1486 depopulati

106 1517 149 1564 ”a
160 1517 206 1559 sn,
226 1490 383 1556 *fuerunt
401 1489 546 1555 “vineas
566 1494 602 1555 et
614 1490 762 1565 arbores,
779 1511 845 1574 quc
860 1490 911 1554 ibi
925 1490 1081 1567 aderant,
1099 1490 1343 1555 destruxerunt
1363 1513 1462 1565 *aya

107 1607 205 1648 aaa.
226 1584 261 1644 et
288 1580 533 1645 conbuserunt.
580 1579 646 1644 Die
677 1579 850 1644 dominica
878 1579 1034 1663 proxima
1063 1581 1232 1656 veniente,
1265 1599 1343 1642 oum

225 1668 421 1734 Placentini
444 1668 572 1734 milites
603 1671 638 1732 et
668 1668 802 1752 pedites
826 1672 862 1733 ct
885 1668 1057 1751 sagittarii
1079 1669 1172 1733 circa
1195 1667 1342 1732 Bobium
1363 1693 1389 1731 ιιι

226 1758 351 1822 armati
374 1761 507 1822 starent
530 1760 567 1822 et
589 1758 706 1821 vineas
730 1759 766 1822 et
789 1756 928 1822 arbores
951 1757 1255 1840 depopularentur,
1281 1757 1342 1820 Bo·

226 1847 361 1911 bienses
390 1846 550 1910 fecerunt
580 1849 720 1930 pactum
751 1867 828 1910 cum
860 1845 1083 1912 Placentinis.
1136 1846 1343 1911 Iuraverunt

225 1955 373 2018 namque
397 1934 554 1999 consules
577 1934 680 1998 Bobii
702 1938 738 1999 et
761 1935 947 1999 consularii
969 1935 1150 1999 attendere
1173 1938 1210 2000 et
1233 1935 1343 1999 obser-

225 2043 305 2088 vare
329 2026 365 2088 et
386 2024 502 2088 facere
525 2024 561 2086 in
584 2026 699 2087 totum
714 2028 915 2107 preceptum
932 2028 968 2088 et
983 2027 1147 2108 precepta
1163 2022 1343 2088 consulum

226 2112 416 2177 communis
432 2111 619 2190 Placentia
645 2115 680 2176 et
704 2113 795 2195 quod
818 2113 951 2178 facient
967 2112 1053 2176 alios
1068 2112 1225 2177 homines
1241 2111 1343 2177 Bobii
1362 2139 1389 2177 so

226 2202 339 2266 iurare
368 2201 405 2263 in
435 2204 549 2265 totum
579 2202 760 2267 attendere
791 2206 827 2265 et
850 2201 965 2266 facere
988 2206 1188 2286 preceptum
1213 2206 1248 2266 et
1272 2223 1343 2285 pre

225 2294 327 2373 cepta
350 2290 530 2354 consulum
552 2290 741 2356 Placentie.

128 2387 204 2440 1213.
331 2378 532 2456 MOOXIII,
563 2380 753 2445 indictione
784 2380 903 2464 prima,
935 2381 972 2444 iu
1000 2380 1182 2444 consulatu
1205 2380 1343 2444 Alberti

226 2468 472 2539 Siocemilice⁸,
505 2467 627 2533 Oberti
657 2463 824 2546 Gnachil,
861 2466 984 2534 Oberti
1020 2470 1063 2533 de
1085 2468 1229 2533 Vidalta
1258 2469 1343 2532 rice-

226 2557 370 2630 ccmitis,
395 2557 570 2621 Lonbardi
594 2558 637 2622 de
661 2557 827 2632 Pontana,
857 2555 979 2640 Oberti
1002 2558 1132 2634 Stricti,
1163 2557 1344 2622 Guillelmi
1362 2585 1389 2622 aa

226 2646 268 2710 de
299 2644 410 2722 Oario,
442 2646 623 2710 consulum
654 2647 844 2710 communis
874 2646 1062 2723 Placentia,
1093 2648 1225 2711 fossata
1253 2667 1342 2710 nove

225 2734 323 2798 fuere
352 2734 475 2811 fodita,
506 2734 640 2799 scilicet
663 2735 766 2798 XXX
790 2735 932 2800 brachia
961 2756 1023 2819 per
1051 2736 1273 2800 latitudinem
1307 2739 1343 2799 et

225 2827 374 2905 quatuor
398 2823 539 2887 brachia
563 2844 624 2906 per
647 2822 767 2886 altum.

57 2935 208 2977 narn-n.
332 2911 461 2976 Eodem
486 2932 586 2984 anno,
618 2911 742 2976 ultima
770 2913 962 2978 ebdomada
985 2913 1111 2978 mensis
1134 2914 1242 2977 Madii
1267 2912 1343 2977 Ore-

140 3042 142 3045 -
226 3019 406 3064 monenscs
429 3021 506 3064 cum
532 3001 665 3065 carocio
696 3004 731 3065 et
755 3022 832 3064 cum
856 3003 1016 3066 universa
1038 3005 1142 3087 gente
1166 3023 1283 3066 eorum
1308 3008 1343 3066 et
1363 3031 1391 3068 ao

225 3089 332 3152 fortia·
347 3089 439 3173 apud
457 3089 615 3153 Castrum
625 3090 790 3154 -Leoncm
806 3091 1058 3174 equitaverunt,
1083 3111 1122 3155 ac
1146 3091 1239 3155 ultra
1255 3091 1344 3156 Serii

225 3179 363 3255 flumen,
387 3177 479 3243 inter
502 3177 631 3242 lectum
655 3179 726 3244 sive
750 3201 880 3257 cavum,
914 3199 1099 3265 perquem
1123 3184 1197 3245 erat
1221 3181 1343 3245 solitus

224 3267 389 3330 veterime
414 3268 603 3344 decurrere,
628 3271 664 3332 et
686 3267 797 3333 inter⁰
827 3269 959 3334 dictum
982 3268 1170 3333 flumenin
1194 3270 1344 3352 quodam

224 3375 385 3420 mezeano
408 3355 479 3420 sive
502 3356 647 3439 planitie
671 3357 856 3440 paludibus
880 3362 915 3421 et
932 3358 1073 3422 fossatis
1089 3361 1193 3441 atque
1210 3359 1343 3442 magnis

226 3444 477 3509 munitionibus
500 3445 636 3509 munita
666 3450 701 3510 et
725 3446 969 3521 circumdatal,
1000 3447 1049 3509 ita
1081 3447 1172 3529 quod
1202 3447 1238 3510 in
1269 3448 1344 3530 ipsa
1362 3475 1389 3515 es

224 3618 390 3708 ppsipccemllite
404 3630 436 3667 c.‚·
450 3629 477 3657 er
490 3620 558 3656 canis
572 3629 646 3658 nonum
661 3621 754 3662 correxi.
809 3619 832 3670 b)
847 3620 925 3669 gnothi
939 3631 955 3662 c.
1011 3622 1031 3666 c)
1045 3621 1170 3664 eruendam·
1184 3621 1215 3659 lm
1230 3632 1261 3664 ‹·.‚·
1280 3621 1343 3659 inum

248 3690 264 3711 .·
285 3682 303 3711 r.

226 3794 253 3860 1)
270 3796 324 3858 Qui
341 3797 467 3862 Anuli).
487 3797 604 3847 Iunuam
622 3799 705 3858 omit‚·
725 3798 836 3863 Operi-'us
855 3799 940 3850 Panic
956 3816 983 3865 ρ.
998 3801 1058 3853 131.
1139 3801 1167 3862 2)
1196 3815 1343 3864 puerorum

225 3883 241 3918 a
260 3864 304 3918 Vl
329 3866 407 3919 annis
432 3870 461 3919 et
484 3883 573 3935 supra,
595 3868 673 3922 Oron.
692 3871 769 3933 repta
788 3869 875 3926 Gelon.
892 3887 920 3936 ρ,
936 3872 995 3936 191,
1014 3871 1062 3921 uti
1078 3869 1215 3922 Pbocntia
1232 3869 1342 3935 quidam

220 3940 304 4003 pueri
317 3939 429 3991 rediisse
444 3938 578 3992 dicuntur.
609 3939 665 3992 Iob.
679 3940 711 3991 de
723 3940 826 3990 Maesia
843 3940 889 3993 ccl.
902 3941 964 3994 458.
983 3941 1015 3992 dc
1033 3940 1082 3992 bac
1100 3957 1130 3992 rc
1148 3957 1181 3992 ecc
1200 3941 1344 3992 annalibus
1361 3956 1388 3993 (o

224 4008 389 4061 Placerrtr'nia
405 4009 548 4075 deperditrb
566 4011 689 4062 rnuliase
706 4011 818 4064 ridear.
852 4011 894 4074 Of.
908 4011 941 4065 Β.
954 4011 1094 4078 Rdlrrielrt,
1110 4012 1190 4065 ‘Hiat
1203 4012 1343 4064 Zeitechr!

224 4077 361 4141 XXXVI,
382 4083 508 4148 pleqq.
599 4082 627 4145 3)
647 4081 691 4144 Cf.
709 4082 766 4135 Ich.
787 4082 912 4148 Ocdcyn,
939 4083 982 4136 (Ν.
1002 4083 1111 4134 Areten
1131 4084 1211 4146 XVI,
1235 4100 1264 4149 p.
1277 4085 1342 4137 341:

224 4149 252 4201 in
278 4148 395 4217 quadam
419 4150 537 4219 planicie
563 4150 640 4204 fossis
665 4155 693 4204 ct
716 4151 784 4220 ripis
808 4151 951 4220 profundi·
970 4152 1145 4222 circumdata,
1171 4153 1225 4205 situ
1243 4154 1296 4206 loci
1316 4157 1344 4204 et

224 4237 280 4273 non
299 4223 357 4273 arte
375 4221 496 4291 munita,
515 4223 550 4286 cf.
571 4223 633 4276 ibid.
651 4239 679 4289 ρ.
693 4225 753 4279 336.
