3118 4840
153 236 187 288 62
313 229 502 285 IOHANNIS
521 228 1114 287 OODAGNELLIANNALESA.1217.

51 420 129 474 1217.
152 415 320 478 butanum
350 433 521 498 peterere,
560 413 605 477 ad
635 418 757 496 quema
786 412 1030 478 Cremonenses
1060 414 1130 476 iam
1160 432 1270 476 acces·

152 506 277 578 serant,
309 506 345 566 et
368 502 494 567 vexilla
524 523 626 586 super
656 502 836 566 arboribus
867 506 1054 586 posuerant
1076 535 1122 544 —-
1144 500 1268 584 qui1a

150 593 290 655 civitate
315 590 481 655 Cremone
512 612 574 675 per
602 591 753 674 quinque
785 591 891 655 distat
922 591 1071 654 miliaria
1099 625 1153 665 -,
1185 583 1264 673 quib

148 682 306 744 inimicos
329 681 486 744 videntes
509 680 604 744 illico
627 680 671 743 ab
688 680 762 763 ipso
777 681 929 763 turpiter
943 682 1159 744 recesserunt
1174 679 1266 756 loco;

149 789 250 853 quem
285 769 391 853 ipsis²
415 769 623 852 ¹videntibus
658 768 892 833 conbuserunt
927 772 963 833 et
993 767 1305 833 destruxerunt³.o

149 859 195 921 Et
234 879 273 922 ea
313 858 367 922 die
399 858 576 934 Zinonnm,
612 861 743 921 curtem
781 857 823 922 de
853 857 1003 935 Bionis&
1044 856 1266 933 Oaserdum0,

149 950 300 1010 castrum
317 947 359 1010 de
377 945 545 1022 Ourtisiis
570 946 739 1010 Baxolum
756 949 792 1009 et
808 941 1077 1022 Brodolanumd,
1102 946 1268 1009 Sanctum

149 1034 286 1110 Vidum‚
319 1035 560 1112 Bardeniam⁰‚
589 1035 861 1098 Monestarolum
892 1057 969 1099 cum
1000 1036 1119 1118 burgis
1149 1055 1267 1099 eorum

149 1127 315 1207 ceperunt
339 1128 374 1188 et
399 1126 642 1188 destruxerunt
666 1128 701 1188 et
724 1123 804 1206 igne
822 1127 1068 1188 cremaverunt.
1100 1123 1267 1186 Similiter

149 1233 251 1296 quam
289 1213 405 1296 plures
440 1211 618 1276 Placentie
656 1212 785 1276 milites
824 1234 902 1276 cum
941 1212 1113 1295 aliquibus
1149 1232 1267 1276 eorum
1287 1232 1313 1270 ro

149 1302 299 1365 civitatis
334 1301 524 1383 sagittariis
559 1301 602 1363 ad
637 1300 871 1365 castellarium
910 1302 952 1365 de
988 1301 1267 1365 (insede-morato

148 1391 257 1467 ivere;
289 1389 379 1452 illud
409 1390 548 1472 quidem
571 1389 717 1454 viriliter
747 1393 1032 1474 expugnaverunt
1054 1382 1180 1472 atquef
1207 1410 1268 1472 per

148 1479 218 1541 vim
242 1480 417 1561 ceperunt,
449 1478 538 1541 illud
563 1482 598 1542 et
623 1478 758 1542 blavam
782 1478 929 1542 multam
953 1481 988 1542 et
1011 1499 1092 1543 vasa
1115 1479 1267 1541 innume-

148 1566 272 1630 rabilia
295 1571 330 1630 et
354 1567 439 1630 alias
463 1587 527 1644 res,
559 1588 625 1650 que
649 1568 783 1650 inipso
814 1570 959 1632 aderant
983 1567 1068 1642 loco,
1101 1569 1267 1650 ceperunt

148 1659 184 1719 et
208 1655 451 1720 conbuserunt.
1286 1674 1312 1713 n

54 1765 128 1809 res.
255 1745 321 1808 Die
356 1744 454 1808 Lune
492 1746 651 1809 veniente
691 1748 804 1808 castra
838 1749 1028 1822 moverunt,
1069 1745 1193 1808 armati
1231 1748 1266 1807 et

148 1833 309 1898 asolerati
331 1833 519 1909 venientes,
544 1833 660 1896 omnia
680 1833 812 1897 fossata
828 1836 863 1897 et
879 1837 1032 1916 pantana
1047 1837 1266 1898 transeuntes

148 1925 185 1985 et
214 1923 320 1985 etiam
350 1921 500 2003 aliquem
532 1922 574 1986 de
603 1921 751 1984 inimicis
781 1921 920 1986 minime
949 1922 1174 1999 invenientes,
1205 1942 1267 1985 sua

46 2033 127 2080 *nesi
147 2011 239 2074 inter
269 2010 501 2073 Zovenoldum
532 2010 582 2074 *et
617 2010 826 2073 Soncinumg
856 2015 1045 2094 posuerunt
1076 2010 1265 2075 ”tentoria
1286 2030 1398 2082 ”ossa

56 2097 235 2164 ruentium
267 2102 382 2162 autem
414 2099 470 2162 die
494 2099 616 2162 Martis
639 2099 729 2161 IIII.
755 2100 880 2163 mensis
904 2099 990 2163 Iulii
1018 2120 1150 2163 summo
1182 2099 1266 2162 dilu·
1285 2121 1312 2158 so

149 2187 227 2251 culo
250 2188 509 2271 proposuissent
531 2209 665 2252 movere
682 2191 804 2262 castra,
830 2187 997 2252 Cremone
1021 2187 1196 2271 potestas⁵
1219 2189 1266 2250 in·
1298 2257 1300 2261 .

149 2280 380 2341 strumentum
409 2276 588 2360 publicum
619 2298 660 2342 ea
689 2277 846 2360 predicta
877 2278 932 2341 die
956 2277 1054 2342 Lune
1077 2277 1267 2342 Mediolani

148 2365 336 2448 potestati⁶
366 2366 501 2441 direxit,
535 2366 572 2428 in
602 2387 669 2448 quo
701 2366 960 2431 continebatur:
998 2367 1026 2429 si
1056 2386 1187 2430 moram
1217 2365 1267 2429 ibi

148 2454 323 2536 usquead
354 2453 458 2517 aliam
489 2455 579 2519 diem
615 2455 659 2518 ad
695 2457 815 2518 horam
850 2475 940 2519 none
972 2455 1138 2530 facerent,
1175 2454 1266 2537 quod

149 2542 233 2606 belli
261 2542 438 2606 fortunam
469 2563 547 2606 cum
578 2545 626 2607 eis
656 2546 884 2627 temptarent;
917 2564 1019 2626 super
1048 2565 1116 2627 quo
1146 2543 1266 2607 habito
1285 2561 1311 2601 ss

149 2631 321 2707 conscilio,
339 2631 471 2714 placuit
486 2632 701 2715 sapientibus
716 2633 843 2696 ibidem
861 2653 991 2696 moram
1003 2633 1117 2696 faeere
1130 2632 1265 2709 debere,

148 2722 184 2782 et
199 2721 456 2802 responsionem
471 2720 507 2782 in
524 2722 588 2783 hae
604 2721 716 2784 forma
732 2722 899 2804 potestati
915 2720 1081 2785 Oremone
1095 2721 1264 2800 fecerunt,

148 2808 282 2871 scilicet
305 2810 397 2890 quod
421 2829 461 2872 ea
485 2809 540 2872 die
560 2812 595 2872 et
615 2809 670 2872 dic
690 2810 848 2891 sequenti
864 2813 899 2874 et
915 2809 1025 2872 altera
1042 2810 1097 2874 die
1112 2811 1266 2874 venienti

148 2917 205 2960 eos
228 2896 382 2960 invenire
406 2900 580 2979 poterunt.
627 2896 749 2961 Terras
779 2918 906 2974 eorum,
937 2898 1038 2962 villas
1069 2903 1104 2962 et
1137 2898 1265 2971 domos,

148 2986 265 3048 vineas
299 2989 334 3049 et
367 2985 504 3048 arbores
537 2985 617 3067 igne
651 2990 899 3062 cremaverunt,
930 2987 1122 3050 incidentes
1154 2990 1189 3052 et
1213 2988 1267 3051 de·
1286 3007 1313 3046 so

77 3085 80 3088 '
149 3078 321 3138 struentes
357 3075 401 3137 ad
435 3074 710 3157 magnitudinem
747 3077 782 3139 et
817 3077 861 3138 ad
895 3076 1061 3140 honorem
1096 3069 1264 3140 sublimeh

150 3163 300 3227 civitatis
329 3163 519 3227 Mediolani
550 3166 586 3226 et
615 3164 792 3228 Placentie
826 3167 861 3229 et
893 3164 1045 3228 omnium
1079 3165 1266 3228 amicorum

150 3273 267 3315 eorum
291 3255 327 3315 et
350 3253 394 3316 ad
418 3253 639 3336 obprobrium
655 3253 785 3336 pariter
801 3256 836 3317 et
853 3253 1099 3317 detrimentum
1116 3253 1266 3316 civitatis

55 3361 130 3403 nen¹
150 3339 316 3406 Cremone
341 3344 377 3405 et
400 3342 587 3406 amicorum
611 3362 739 3406 eorum.
779 3342 845 3406 Die
864 3342 987 3404 Martis
1010 3341 1167 3424 predicta
1189 3344 1267 3424 post

148 3552 170 3596 a)
189 3550 220 3588 eie
233 3561 251 3592 e.
317 3549 341 3600 b)
358 3550 373 3600 q
389 3547 452 3602 (que)
465 3561 496 3598 e.,·
505 3553 569 3598 potes
582 3549 674 3588 seribere
688 3560 731 3597 que
745 3550 837 3599 inimici,
852 3550 872 3588 si
885 3549 955 3588 credie
969 3549 1137 3588 Mediolanenses
1150 3551 1203 3596 (non
1218 3549 1267 3588 Ore·
1286 3547 1312 3587 36

148 3605 267 3652 monenses)
280 3603 361 3642 vexilla
374 3604 398 3641 e'n
411 3604 526 3642 arboribus
534 3603 641 3652 posuisse,
655 3604 712 3652 qnod
725 3614 769 3642 non
783 3607 871 3645 constet.
925 3602 946 3653 c)
960 3601 1028 3644 oafdfi
1042 3613 1058 3644 r.
1108 3603 1131 3650 d)
1144 3603 1268 3650 emendavi,-

149 3654 295 3696 brcdolnnum
309 3668 327 3698 e.
380 3659 401 3704 c)
415 3657 543 3696 bardemam
557 3667 575 3698 e.
625 3656 645 3708 f)
659 3657 782 3705 mendenen,-
796 3660 818 3696 et
831 3654 938 3704 inquod)
952 3668 969 3697 e.
1031 3656 1099 3705 gnie
1112 3657 1268 3694 mordendum

149 3719 193 3748 esse
206 3713 299 3758 apparet
313 3710 375 3756 infra
385 3722 410 3759 p.
420 3709 455 3759 58,
470 3711 485 3748 l.
497 3711 520 3758 ῖς
535 3709 645 3749 sentinam
658 3721 675 3752 c.
700 3709 816 3750 Sentinum
830 3710 854 3747 e'n
868 3710 909 3748 hec
922 3710 1010 3758 neolone
1022 3710 1088 3748 situm
1102 3709 1164 3748 bodie
1177 3719 1221 3747 non
1235 3710 1268 3747 in-

149 3763 233 3801 venitur
242 3773 307 3812 neque
317 3764 412 3812 antiquis
421 3764 552 3811 temporebus
561 3767 746 3803 commemoratur.
788 3763 810 3802 hl
824 3763 889 3811 sice„
900 3767 922 3801 ut
932 3767 951 3800 et
960 3763 1023 3810 infra
1037 3774 1057 3804 a.
1068 3762 1127 3811 1218,
1138 3774 1163 3811 p.
1172 3761 1206 3810 65,
1221 3762 1266 3804 l.8.

150 3923 177 3990 1)
197 3923 259 3976 Scil.
278 3923 349 3974 loces
362 3922 596 3976 Cosedia-lentant.
659 3924 687 3988 2)
708 3922 930 3975 Oremonensibus.
996 3924 1024 3988 3)
1045 3922 1106 3976 sel.
1120 3921 1270 3972 Placentini
1286 3929 1313 3968 to

146 4000 172 4046 et
190 3994 404 4046 Mediolanenses.
494 3994 521 4061 4)
549 3994 640 4045 Onnes
664 3993 695 4045 de
719 3994 834 4045 Reschis
858 3993 921 4044 haec
945 3999 1052 4045 vocatur
1076 4010 1094 4044 c
1112 3993 1265 4057 Schieeine,

148 4066 220 4118 Ano.
239 4066 391 4117 Alemandr.
410 4067 488 4130 1217,
515 4065 586 4117 Hesi.
608 4070 684 4131 patr.
703 4065 786 4126 Mon,
812 4065 859 4118 SS.
879 4064 930 4128 IV,
955 4065 1001 4118 col.
1023 4066 1083 4129 152,
1109 4065 1158 4129 qne·
1181 4064 1267 4114 multe

144 4135 358 4202 praecedentium
383 4143 406 4188 et
430 4137 592 4202 sequentium
617 4136 732 4188 leoormn
759 4142 782 4186 el
810 4136 867 4186 elic
894 4141 972 4200 cepto
998 4135 1038 4186 cel
1063 4139 1168 4186 vertetu
1195 4135 1266 4188 dicit.

148 4209 177 4274 ὃ)
198 4207 370 4260 Raimnndns
388 4209 419 4260 de
443 4207 579 4274 Upone'bus
596 4209 759 4261 Brieiense's.
833 4208 860 4272 6)
880 4206 945 4258 Vide
959 4222 988 4272 p.
1003 4209 1046 4270 60,
1065 4222 1091 4258 n.
1105 4207 1130 4260 5,
