3112 4856
394 275 585 331 IOHANNIS
603 275 851 331 OODAGNELLI
868 275 1051 330 ANNALES
1069 275 1105 330 A.
1119 279 1196 333 1226.

448 465 491 523 20
516 460 642 549 Fertur
665 464 792 538 antem,
817 461 911 543 quod
934 460 1145 538 Parmenses‚

513 548 769 626 Cremonenses,
794 549 980 633 Papienses

513 638 721 704 Deferentes
745 660 860 704 seeum
885 660 980 702 arma

513 730 742 792 Accesserant
764 731 850 792 tuno
874 728 918 791 ad
942 749 1024 792 arva

554 815 714 881 Civitatis
737 817 885 880 Mutine.

450 982 489 1038 21
516 976 645 1040 Tamen
668 997 738 1040 non
762 976 993 1059 preterierunt

514 1065 586 1130 Neo
608 1065 757 1130 transire
781 1068 1073 1149 presumpserunt,

513 1152 603 1232 Quia
626 1155 769 1237 quisque
793 1154 994 1230 dubitabat;

515 1243 802 1327 Unumquemque
825 1243 1040 1307 formidabat

554 1331 683 1396 Civitas
708 1332 874 1396 Bononie.

449 1496 490 1554 22
515 1491 612 1555 Tune
628 1491 835 1555 Veronensis
859 1490 990 1567 civitas,

513 1579 619 1644 Onius
643 1583 696 1645 est
718 1601 845 1664 magna
868 1580 1032 1663 probitas,

514 1667 588 1748 Qus
612 1669 834 1733 Lonbardum
860 1668 1021 1751 cupiebat

514 1757 662 1835 Statum,
689 1758 774 1822 bene
799 1757 1006 1841 prohibebat

552 1847 627 1912 Iter
650 1847 740 1930 regis
764 1847 828 1910 filii
838 1847 859 1924 1,

448 2012 490 2070 23
515 2005 583 2086 Qui
606 2027 733 2091 magna
755 2029 861 2070 manu
884 2007 1046 2084 militum,

514 2096 658 2160 *Tamen
682 2118 752 2160 non
775 2098 878 2161 oredo
902 2096 1069 2180 peditum,

512 2185 714 2249 Festinabat
736 2185 832 2248 ultra
854 2186 903 2249 ire

512 2274 628 2357 Atque
652 2274 744 2356 patri
767 2273 949 2338 subvenire

553 2361 597 2424 In
622 2362 713 2427 malo
737 2362 923 2445 proposito.

449 2526 491 2584 24
516 2523 618 2586 Nune
642 2522 686 2586 ad
710 2525 845 2605 patrem
867 2522 1048 2586 redeamus

514 2612 559 2675 Et
583 2613 732 2676 denoto
756 2612 982 2687 dimittamus,

514 2701 560 2764 Et
584 2702 738 2765 dieamus
762 2721 825 2764 sua
847 2700 977 2775 factae,

514 2790 588 2870 Quo
612 2791 681 2854 iam
705 2791 786 2854 viris
809 2810 880 2854 non
905 2793 987 2853 sunt
1009 2792 1110 2873 grata

554 2880 624 2944 Suo
647 2879 851 2943 infortunio.

448 3044 489 3102 25
514 3040 621 3104 Stetit
644 3060 726 3122 ergo
748 3040 946 3123 imperator,

514 3128 686 3193 Seoularis
709 3129 796 3211 legis
819 3129 920 3205 lator,

512 3216 605 3281 Hine
630 3219 674 3280 ad
698 3217 790 3280 diem
812 3217 939 3280 summi
962 3216 1040 3280 dei‘2>
1062 3249 1106 3260 ψ

514 3302 583 3383 Qui
606 3305 761 3382 dietavit,
787 3307 887 3369 erede
910 3305 944 3368 ei
968 3338 1008 3347 —

554 3394 598 3457 In
620 3394 759 3459 Ravene
782 3393 949 3478 partibus.

377 3592 379 3598 ·
450 3559 491 3616 26
516 3554 584 3618 Ille
608 3553 691 3630 dies,
717 3555 806 3618 sieut
830 3555 931 3618 oredo

514 3643 560 3706 Et
584 3643 706 3708 leotori
729 3664 807 3707 vere
832 3644 906 3719 edo,

514 3731 583 3812 Qui
605 3753 626 3796 a
649 3731 731 3797 Iove
755 3732 963 3808 nominatus,

515 3821 614 3886 Siout
636 3842 740 3905 supra
762 3821 816 3884 fui
838 3814 968 3900 ferusb,

187 3931 214 3970 ³⁵
554 3911 637 3974 Fuit
660 3911 789 3974 Madii⁰
818 3910 994 3994 septimus.

232 4087 254 4131 a)
269 4084 956 4132 serator-r.concordandummedcodaqnellusfaensortasse
971 4083 1167 4126 fermentatione.
1230 4082 1252 4130 b)
1273 4085 1353 4124 enrerul.

232 4138 368 4190 Bellintum
382 4139 425 4178 fuit
438 4139 509 4178 lautus
523 4149 541 4181 c.
594 4136 615 4189 e)
629 4137 717 4176 enuntia
731 4137 799 4179 Medi.

234 4265 260 4328 1)
277 4263 409 4316 Heinrici,
481 4263 509 4330 2)
526 4264 545 4318 r'.
558 4279 578 4318 e.
594 4263 679 4324 Iovis,·
697 4263 732 4326 os.
751 4265 881 4330 aequastis
899 4263 1023 4332 strophae
1041 4278 1064 4319 v.
1077 4265 1103 4317 3.
