3118 4840
216 305 251 358 48
376 300 568 356 IOHANNIS
586 300 832 356 GODAGNELLI
851 300 1031 355 ANNALMS
1050 302 1084 357 A.
1100 305 1176 359 1215.

120 493 196 546 1215.
217 485 370 569 proximo
394 485 552 568 sequenti
575 484 772 549 Placentini
800 489 873 549 tam
904 485 1033 550 milites
1063 507 1167 568 quam
1191 486 1334 570 pedites,

216 575 368 658 exceptis
392 574 561 638 militibus
585 579 619 638 et
642 574 818 657 peditibus
842 574 884 638 de
908 577 1008 657 porta
1023 574 1122 638 Nova
1146 581 1181 640 εὴ
1201 576 1243 639 de
1261 575 1336 658 ripa

119 715 121 720 ,
216 663 313 739 Padi,
345 663 404 745 qui
428 665 588 727 domum⁸
617 683 677 748 pro
709 663 865 727 custodia
897 667 1147 739 remanserunt,
1179 665 1336 728 exierunt

217 753 393 816 civitatem
418 756 453 816 et
481 773 558 816 cum
582 752 899 817 Mediolanensibus
924 745 1063 836 [apudbl
1089 752 1335 817 Bardoneziam

99 864 197 907 sarrs.
215 841 360 906 fuerunt
383 841 654 904 castramentati.
693 840 774 904 Alia
797 841 853 905 dic
871 841 970 904 iuxta
989 844 1138 906 castrum
1157 842 1336 905 Bosonasii
1360 861 1373 900 ⁵

216 950 279 994 sua
301 931 452 994 fixerunt
474 930 634 1006 tentoria,
666 930 757 1012 quod
787 933 938 993 castrum
962 930 1149 1014 plurimum
1173 935 1247 995 erat
1270 931 1335 994 for-

215 1019 385 1082 tissimum
417 1019 548 1102 pariter
577 1022 612 1082 et
642 1019 814 1082 munitum
845 1023 940 1083 turre
970 1041 1105 1102 magna,
1137 1040 1235 1082 muro
1270 1020 1335 1082 for·

217 1107 349 1171 tissime
381 1106 569 1170 vallatum⁰
598 1111 635 1171 et
664 1107 803 1171 fossatis
838 1109 972 1191 magnis
1005 1111 1108 1190 atque
1144 1108 1334 1192 profundis.

217 1197 416 1260 Prcdictum
440 1216 520 1260 vero
545 1202 694 1259 castrum
719 1196 915 1260 Placentini
943 1217 1020 1260 cum
1052 1198 1210 1280 predaria
1241 1196 1335 1260 illico

218 1289 504 1369 expugnaverunt
528 1289 563 1350 et
583 1306 659 1349 oum
678 1286 857 1367 manganis
874 1289 909 1350 et
925 1286 1092 1369 predariis
1108 1289 1212 1368 atque
1229 1286 1335 1368 gattis
1356 1307 1382 1346 ιο

218 1378 253 1438 et
277 1374 398 1438 castris
421 1373 620 1458 lignaminis
652 1377 687 1438 et
711 1373 787 1438 aliis
812 1375 980 1438 machinis
1005 1375 1048 1438 ad
1072 1374 1161 1437 illud
1185 1379 1334 1438 castrum

216 1463 443 1527 obsidendum
474 1463 681 1527 mirabiliter
704 1483 739 1528 se
770 1468 988 1547 paraverunt.
1031 1463 1195 1528 Videntes
1218 1466 1334 1527 autem

216 1552 404 1629 intrinseci,
429 1553 547 1635 quiin
572 1553 646 1636 ipso
670 1556 783 1616 castro
806 1553 960 1628 aderant,
986 1573 1021 1618 se
1045 1574 1115 1616 non
1139 1573 1237 1636 posse
1261 1552 1335 1614 Pla-

217 1642 364 1706 centinis
388 1642 545 1706 resistere
570 1662 632 1706 nec
656 1627 744 1704 illud
770 1644 921 1705 castrum
946 1641 1143 1717 defendere,
1175 1641 1244 1704 alia
1268 1640 1333 1716 die,

99 1757 196 1796 narn.
216 1731 348 1794 scilicet
372 1730 427 1794 die
445 1730 598 1805 Veneris,
630 1731 762 1793 dictum
786 1736 937 1794 castrum
967 1731 1134 1814 potestati
1158 1730 1334 1794 Placentia
1356 1751 1381 1790 rs

98 1845 196 1885 nesso.
215 1819 452 1894 reddiderunt,
492 1823 528 1883 et
566 1819 635 1882 alia
669 1819 725 1882 die
759 1819 954 1883 Placentini
989 1818 1077 1882 illud
1114 1822 1262 1882 castrum
1299 1823 1334 1882 et

216 1907 491 1972 Mediolanenses
515 1908 760 1971 destruxerunt
784 1912 819 1971 et
838 1908 1019 1972 diruerunt
1043 1913 1079 1972 et
1102 1908 1335 1972 conbuserunt

108 2021 196 2070 *rsa
217 1995 267 2059 *et
298 1997 560 2078 dissipaverunt.
607 1996 651 2058 In
681 1997 757 2080 ipsa
786 1999 902 2060 autem
934 1997 1152 2080 expeditione
1183 2001 1332 2061 castrum

215 2085 286 2148 fuit
309 2087 447 2169 captum
473 2084 611 2169 Nigrini
642 2089 677 2149 et
707 2085 923 2161 conbustum,
958 2091 993 2150 et
1027 2086 1137 2149 multa
1167 2086 1236 2150 alia
1258 2086 1335 2149 loca

216 2175 250 2237 in
275 2174 346 2236 illis
370 2174 526 2258 partibus
545 2175 689 2238 fuerunt
705 2175 883 2238 conbusta.
923 2175 965 2237 In
982 2195 1050 2257 quo
1067 2180 1180 2238 castro
1196 2175 1334 2258 Nigrini
1354 2197 1381 2235 so

215 2263 313 2328 fuere
344 2263 435 2327 circa
462 2263 531 2326 XX
562 2264 727 2338 homines,
759 2264 819 2346 qui
847 2264 937 2327 illud
968 2264 1220 2328 custodiebant.
1267 2263 1333 2326 Die

99 2379 196 2422 sarar.
215 2373 296 2417 vero
327 2353 499 2416 dominica
530 2353 685 2437 proxima
715 2353 872 2435 sequenti
895 2353 1172 2417 Mediolanenses
1200 2355 1236 2416 et
1259 2352 1333 2415 Pla-

217 2441 347 2506 centini
363 2442 453 2505 circa
468 2442 710 2506 Revorsoalam
726 2463 788 2505 sua
811 2442 971 2504 similiter
994 2445 1182 2524 posuerunt
1206 2445 1331 2514 castra;

216 2532 308 2614 quod
332 2552 430 2594 muro
453 2531 537 2594 forti
561 2535 596 2595 εὴ
617 2531 757 2594 fossatis
773 2535 808 2594 et
824 2531 928 2615 podio
945 2531 1112 2594 altissimo
1129 2535 1164 2595 et
1179 2531 1333 2594 turribus

216 2620 350 2702 magnis
381 2623 455 2684 erat
486 2621 658 2682 munitum
688 2622 723 2683 et
754 2620 1019 2693 circumdatum;
1057 2620 1189 2683 dictum
1216 2621 1379 2683 autemst

216 2715 367 2772 castrum
384 2709 660 2772 Mediolanenses
677 2711 712 2772 et
729 2708 922 2771 Placentini
946 2709 1084 2772 fortiter
1108 2709 1164 2773 die
1181 2711 1216 2772 et
1232 2711 1333 2772 nocte

217 2817 294 2861 cnm
325 2797 505 2879 manganis
535 2800 571 2861 et
600 2797 767 2880 predariis
800 2801 836 2860 et
865 2798 972 2880 gattis
1006 2800 1041 2862 et
1064 2797 1141 2860 aliis
1165 2797 1332 2876 machinis

217 2889 502 2968 expugnaverunt
525 2890 561 2950 et
584 2891 890 2967 manganaverunt
925 2892 960 2950 et
991 2889 1164 2951 steterunt
1188 2887 1224 2950 in
1248 2886 1333 2949 obsi·

115 2996 195 3038 aar.
217 2975 319 3038 dione
349 2974 457 3057 ipsius
489 2975 592 3038 castri
622 2995 730 3056 usque
765 2975 809 3037 ad
841 2976 931 3040 diem
961 2975 1055 3038 Iovis
1086 2975 1175 3038 IIII.
1207 2975 1333 3038 mensis

215 3063 321 3126 Iunii.
368 3062 621 3145 Cognoscentcs
652 3071 768 3127 antem
799 3063 857 3145 qni
887 3065 923 3127 in
954 3064 1028 3147 ipso
1053 3067 1165 3128 castro
1189 3065 1333 3128 aderant
1354 3085 1379 3124 ro

215 3152 305 3215 illud
335 3152 520 3215 defendere
551 3153 691 3217 minime
723 3173 830 3234 posse,
862 3173 903 3216 ca
934 3153 988 3216 die
1020 3153 1152 3217 dictum
1183 3155 1332 3216 castrum

117 3263 197 3306 aas.
217 3241 390 3305 communi
423 3241 600 3306 Placentie
635 3242 869 3313 reddiderunt,
906 3246 942 3306 et
976 3242 1045 3304 alia
1080 3243 1135 3306 die
1170 3241 1333 3305 Mediola-

217 3351 338 3394 nenses
369 3334 404 3393 et
429 3330 623 3394 Placentini
652 3330 740 3393 illud
764 3330 931 3394 radicitus
955 3331 1199 3394 destruxerunt
1223 3334 1258 3394 et
1282 3351 1333 3393 ex-

217 3419 446 3502 planaverunt
484 3422 519 3483 et
559 3421 741 3484 diruerunt
780 3423 816 3483 et
850 3420 1093 3484 conbuserunt.
1152 3420 1218 3483 Die
1252 3439 1332 3482 vero

120 3529 197 3571 rure.
216 3508 353 3571 sabbati
383 3509 521 3571 domum
552 3509 740 3571 redierunt.
787 3508 1024 3573 Existentibus
1054 3513 1170 3572 tamen
1195 3507 1333 3572 Placen·
1352 3529 1379 3569 ro

215 3596 299 3661 tinis
332 3598 367 3659 et
397 3597 713 3662 Mediolanensibus
743 3597 780 3659 in
811 3598 966 3680 predicta
997 3598 1225 3681 expeditione,
1257 3596 1333 3660 Ore-

216 3705 396 3748 monenses
426 3685 644 3750 intraverunt
674 3687 710 3748 in
741 3691 869 3749 terram
901 3688 1063 3762 nostram,
1100 3686 1333 3749 conbuserunt

216 3778 349 3858 partem
374 3773 554 3856 Sparoarie
578 3778 613 3839 et
635 3775 800 3838 Roncalie
825 3779 861 3838 et
884 3770 1044 3838 Albianid
1073 3779 1176 3857 atque
1200 3773 1331 3848 Oasale,

216 3866 251 3927 et
280 3883 384 3926 naves
415 3884 532 3926 eorum
563 3864 741 3927 hominnm
772 3866 976 3928 honoratase
1004 3868 1088 3927 tunc
1118 3883 1242 3927 venere
1272 3883 1333 3945 per

216 3953 348 4016 Padum
380 3952 453 4016 fere
484 3972 591 4036 usque
623 3954 667 4015 ad
697 3956 838 4037 pontem
869 3953 965 4016 Padi.
1019 3952 1086 4016 Sed
1121 3972 1186 4034 que
1218 3952 1332 4015 facere
1351 3976 1379 4012 40

215 4193 238 4247 a)
253 4196 284 4234 etc
298 4207 314 4236 c.
369 4194 392 4245 b)
405 4197 515 4245 suppleve-
535 4207 577 4238 om.
592 4208 609 4238 c.
663 4195 683 4246 c)
698 4197 819 4243 emendave-
835 4197 918 4234 vallato
932 4207 950 4237 c.
1005 4194 1029 4243 d)
1047 4196 1128 4236 emend.
1144 4195 1216 4244 Pall.,·
1230 4194 1290 4233 albia
1303 4205 1332 4238 c.,·

215 4249 386 4342 Ξξῶιηῖῑὲε
395 4251 442 4289 arb.
454 4262 479 4299 p.
488 4251 539 4289 486:
555 4248 583 4289 de
593 4250 713 4298 Sparcerla
726 4251 767 4297 (sic
777 4251 832 4299 lece)
847 4256 869 4289 et
879 4249 1001 4288 Ronohalia
1011 4254 1033 4288 et
1042 4249 1145 4290 Albiano.
1190 4247 1211 4299 e)
1226 4248 1333 4287 honerate
