3112 4856
240 314 275 366 io
349 307 540 363 IOHANNIS
560 305 1153 365 ooerNnLLIANNALESA.1220.
1173 310 1251 363 1221.

141 501 220 554 1220.
240 492 420 557 intrinseci
449 492 572 556 timore
602 490 770 574 portenti,
801 489 959 554 videntes
989 510 1024 554 se
1053 512 1125 554 non
1155 510 1253 573 posse
1284 491 1362 554 resi-

240 585 340 658 stere,
365 581 455 644 illud
479 583 629 644 castrum
654 578 852 644 consulibus
876 578 1052 642 societatis
1075 579 1227 642 militum
1250 580 1361 643 reddi·

133 693 219 742 nara.
241 671 331 746 dere,
365 669 537 753 preceptis
569 688 705 751 quoque
739 667 869 732 *eorum
904 667 977 731 sine
1011 667 1127 750 aliqua
1161 667 1361 734 conditione

239 759 403 836 iurantes,
429 763 572 841 excepto
596 758 687 840 quod
711 756 896 840 populares
920 759 955 820 et
979 756 1156 820 dominum
1182 755 1359 834 Guelsum,

241 849 300 930 qui
334 847 401 930 ipsi
441 849 554 911 castro
595 849 748 930 preerat,
790 845 864 909 sine
899 844 1148 928 impedimento
1183 845 1401 916 Placentiae

239 937 352 1002 redire
376 938 650 1000 concesserant⁸·
662 935 683 995 ¹.

113 1005 224 1114 ,effi
347 1024 413 1089 Die
427 1025 598 1088 dominico
613 1023 722 1106 pridie
734 1021 814 1085 Kal.
827 1021 967 1084 Martii²
980 1023 1138 1086 dominus
1152 1022 1360 1087 Guillelmus

172 1105 178 1117 ’
240 1113 392 1178 Becutns
416 1114 459 1177 de
484 1112 627 1176 Camino
639 1111 660 1189 ³,
692 1113 845 1195 potestas
869 1110 1057 1186 Placentia
1083 1111 1193 1194 primo
1216 1113 1361 1176 intravit

123 1225 191 1267 nure.
201 1226 220 1268 1.
239 1203 276 1265 in
300 1203 498 1266 districtum
514 1201 692 1265 Placentia
709 1202 744 1264 et
767 1200 823 1262 die
846 1200 944 1263 Luna
968 1200 1078 1283 primo
1099 1201 1224 1264 mensis
1240 1201 1361 1264 Martii

238 1291 335 1355 venit
351 1283 647 1366 *Potentianuml,
672 1289 734 1352 ubi
755 1288 932 1352 Placentia
956 1289 1084 1352 milites
1109 1310 1169 1372 pro
1193 1289 1267 1372 ipso
1283 1289 1360 1354 loco
1380 1322 1407 1358 ιο

122 1404 220 1445 nurus.
238 1380 400 1444 faciendo
424 1383 460 1443 et
483 1379 714 1443 construendo
738 1378 892 1441 aderant.
928 1377 995 1441 Die
1019 1397 1098 1440 vero
1117 1378 1215 1442 Lune
1232 1378 1354 1441 Vnae
1381 1377 1472 1425 *1²·4³⁸·

238 1468 365 1532 mensis
389 1468 508 1531 Martii
537 1467 721 1551 populares
751 1470 823 1529 tam
854 1465 982 1530 milites
1005 1487 1108 1549 quam
1136 1467 1279 1550 pedites,
1311 1487 1359 1530 sa-

239 1558 373 1640 gittarii
401 1560 436 1621 et
468 1557 644 1620 balestarii
675 1556 719 1618 ad
749 1555 1008 1619 conburendum
1032 1555 1144 1619 locum
1171 1556 1213 1619 de
1238 1555 1359 1638 Capre-

238 1640 376 1710 maldo‘1
403 1647 550 1710 iverunt.
598 1644 675 1708 Hoc
706 1643 825 1707 audito
856 1665 877 1707 a
900 1643 1069 1708 militibus
1100 1644 1159 1726 qui
1183 1646 1275 1728 apud
1299 1645 1359 1708 Po·

238 1735 454 1799 tentianum⁰
490 1735 644 1809 aderant,
681 1733 798 1796 statim
830 1732 875 1796 ad
904 1732 983 1796 illas
1013 1727 1197 1798 accederes
1232 1737 1357 1817 partes,
1379 1757 1406 1796 15

239 1824 405 1907 populum
429 1823 569 1906 quidem
586 1821 763 1885 Placentia
787 1822 934 1903 desuper
957 1843 978 1884 a
995 1824 1099 1904 ponte
1116 1822 1236 1886 Trevie
1252 1843 1358 1905 prope

240 1913 379 1976 domum
404 1910 586 1974 Seriiss-dei
608 1911 832 1986 invenerunt;
865 1910 1013 1974 clamore
1043 1911 1178 1994 ingenti
1205 1911 1358 1993 undique

238 2001 334 2064 facto
358 2000 509 2062 omnium
535 1999 673 2062 illarum
698 1999 849 2081 partium
867 1998 995 2062 milites
1011 1999 1061 2062 ibi
1078 1993 1356 2076 confluxeruneh;

239 2089 299 2171 qui
329 2109 407 2152 cum
431 2088 656 2172 popularibus
679 2087 827 2170 prelium
848 2087 1064 2170 incipientes,
1094 2109 1197 2172 super
1220 2109 1276 2152 eos
1299 2089 1358 2150 im-

239 2181 358 2262 petum
382 2177 513 2260 pariter
536 2179 571 2241 et
594 2176 761 2239 insultum
786 2176 916 2260 pluries
940 2177 1117 2252 facientes,
1142 2178 1234 2262 ipsos
1250 2198 1358 2260 usque
1377 2203 1406 2243 so

238 2267 275 2329 in
305 2266 382 2350 ripa
404 2259 535 2329 Trivici
566 2266 783 2348 expulerunt.
825 2265 990 2329 Videntcs
1022 2266 1205 2348 populares
1229 2287 1359 2330 senon

239 2375 337 2438 posse
361 2355 528 2432 resistere,
557 2355 716 2438 pertariti
738 2358 839 2438 terga
862 2357 1035 2418 vertentes
1060 2354 1101 2418 de
1125 2355 1201 2438 ipsa
1222 2355 1296 2438 ripa
1320 2356 1358 2418 in

239 2444 361 2508 Treria
385 2465 421 2508 se
445 2444 617 2527 proiecere
642 2447 677 2507 et
700 2443 859 2507 omnibus
883 2443 986 2506 armis
1009 2443 1059 2507 ibi
1081 2444 1213 2508 relictis
1237 2445 1356 2525 fugam

239 2533 431 2616 petierunt3
467 2553 570 2615 quam
605 2532 720 2615 plures
755 2553 835 2596 vero
869 2532 987 2614 gladio
1017 2535 1052 2596 et
1082 2533 1120 2594 in
1148 2534 1222 2616 ipso
1253 2533 1357 2597 fluvio

238 2623 343 2686 morti
376 2621 597 2685 tradiderunt
607 2621 629 2682 4.
678 2621 885 2685 sexcentum
921 2623 956 2685 et
990 2621 1068 2704 plus
1100 2622 1142 2685 de
1172 2622 1242 2686 illis
1273 2642 1358 2704 quos
1377 2648 1406 2688 n

238 2711 423 2775 voluerunt
453 2710 651 2774 habuerunt
675 2713 710 2773 et
740 2713 915 2793 ceperunt,
947 2730 1031 2792 quos
1061 2711 1098 2772 in
1122 2710 1358 2775 Florenzolam

239 2801 274 2864 et
297 2800 334 2862 in
358 2798 649 2881 Castro-Arquato
672 2797 902 2872 recluxerunt,
935 2799 1020 2862 alios
1044 2820 1124 2862 vero
1147 2800 1358 2882 fugaverunt

238 2890 274 2952 et
299 2891 503 2952 cenaverunt
527 2906 634 2968 usque
658 2885 702 2949 ad
733 2880 906 2950 civitatisk
931 2890 1057 2964 rostes;
1089 2887 1358 2953 innumerabiles

240 2976 282 3040 de
307 2976 355 3041 eis
379 2976 582 3039 habuissent
607 2977 643 3038 ct
666 2976 845 3058 cepissent,
878 2976 907 3038 si
938 2979 1095 3059 captores
1118 2977 1168 3041 ibi
1191 2977 1356 3054 fuissent;

238 3181 448 3233 monumnenta.
510 3181 534 3236 b)
552 3185 633 3223 rmum.
648 3183 741 3230 H.·Br.,·
759 3184 880 3233 potentiam
894 3195 912 3225 c.
972 3183 993 3230 c)
1007 3185 1082 3226 VIIII.
1096 3197 1115 3224 c.
1169 3183 1358 3234 mummuleno.
1378 3187 1406 3225 30

238 3238 259 3283 e)
280 3237 410 3285 pontianum
425 3248 442 3280 c.
510 3237 528 3286 f)
547 3237 578 3276 etc
591 3247 638 3285 pro
656 3248 770 3276 accessere
788 3249 820 3282 c.,·
838 3238 865 3282 cf.
880 3238 917 3277 (Ν.
932 3235 1021 3278 Archio'
1035 3239 1099 3287 XVI,
1115 3238 1199 3287 paea:
1216 3239 1317 3286 quicum
1333 3249 1358 3277 eo

238 3289 379 3333 accederent.
433 3291 456 3340 g)
471 3291 530 3330 servi
544 3291 696 3339 corripendum
708 3292 824 3340 proposuit
837 3291 894 3332 Pull.
956 3291 979 3339 h)
994 3292 1073 3334 emend
1088 3293 1163 3338 Perta·
1177 3293 1329 3331 conbuserunt
1342 3303 1358 3332 c.

238 3342 255 3395 i)
268 3345 300 3382 sic
313 3345 334 3386 h.
344 3345 358 3386 l.
368 3355 385 3387 c.
440 3343 464 3392 k)
478 3345 601 3392 emendave-
616 3345 736 3387 eiuitatem.
750 3349 821 3384 restas
836 3345 920 3386 innam.
930 3355 960 3392 c.,·
973 3344 1002 3392 cf.
1016 3355 1085 3394 supra
1100 3356 1120 3387 u.
1131 3345 1190 3395 1215,
1201 3357 1226 3394 n.
1235 3347 1269 3396 68,
1285 3346 1299 3387 l.
1309 3347 1329 3384 3.

238 3521 265 3586 1)
284 3519 319 3574 Α.
331 3522 408 3576 1220.
423 3521 475 3576 Oct.
489 3521 631 3574 Conradns
643 3524 778 3588 episcopus
789 3521 915 3573 Metenn'c
926 3527 949 3572 et
961 3522 1106 3587 Spirensis,
1119 3524 1167 3588 qni
1180 3521 1233 3575 Oct.
1245 3524 1357 3576 18-23.

236 3591 388 3648 Placentiae
412 3593 468 3656 fnit
492 3593 569 3658 (Rep,
594 3592 662 3660 Imp.
683 3593 715 3659 V,
741 3609 785 3646 nr.
807 3594 901 3646 12634.
929 3593 1029 3652 12635)
1054 3595 1163 3658 frustra
1187 3595 1299 3657 studuit,
1329 3598 1358 3643 ut
1377 3603 1404 3641 35

234 3678 328 3729 pacem
347 3664 417 3715 inter
430 3665 566 3731 populum
584 3670 608 3716 et
625 3664 722 3715 milites
740 3664 906 3715 Placentinos
923 3669 1093 3730 componeret,
1118 3666 1176 3716 cide
1194 3666 1251 3716 eius
1268 3670 1359 3714 cartas

237 3733 439 3790 saracenae.
458 3741 482 3787 ct
501 3737 578 3790 1221.
593 3734 669 3789 Febr.
683 3737 726 3798 23,
745 3733 869 3797 Bdhmer,
882 3735 950 3787 Acta
968 3738 1031 3800 imp.
1047 3753 1077 3802 p.
1091 3737 1144 3790 655
1155 3751 1219 3801 sqq,
1239 3751 1283 3788 nr.
1297 3736 1356 3791 945.

239 3806 298 3859 947.
408 3806 435 3871 2)
465 3805 531 3856 Dice
554 3809 719 3872 septimanae
743 3805 790 3857 icoc
816 3806 869 3856 loco
893 3811 916 3856 ct
941 3812 1059 3871 sequente
1077 3821 1135 3857 cum
1153 3807 1244 3857 clietm
1261 3808 1358 3857 mensis

239 3891 265 3927 c.
280 3878 357 3930 1221.
377 3877 544 3941 concordant,
563 3892 622 3927 cum
640 3877 701 3929 dein
719 3877 885 3942 sequentibus
903 3876 1005 3927 dnobus
1024 3878 1087 3929 locis
1105 3877 1136 3929 ici
1153 3879 1209 3929 dies
1227 3879 1257 3928 in
1274 3877 1358 3928 codice

237 3947 351 3998 indicati
367 3964 393 4000 a.
408 3950 485 4002 1220.
504 3949 666 4003 conveniant.
696 3949 821 4000 Attamen
839 3947 902 4000 baec
920 3964 944 3999 a.
960 3950 1036 4002 1221.
1053 3955 1127 4014 peste
1143 3964 1196 4000 esse
1205 3953 1286 4016 patet,
1299 3963 1358 4013 cum
1376 3958 1404 3996 ao

237 4034 263 4072 a.
278 4021 355 4073 1221.
377 4019 550 4071 Gnillelmum
568 4020 694 4070 Becntum
710 4024 863 4086 potestatem
886 4020 1011 4084 militum,
1036 4020 1237 4086 Berlenperium
1255 4019 1359 4071 Masta·

236 4090 312 4154 pium
330 4105 355 4142 a.
370 4091 449 4144 1221.
468 4090 536 4157 Apr.
550 4092 593 4144 20.
609 4097 763 4156 potestatem
787 4090 882 4156 populi
905 4091 992 4154 fnisse
1016 4097 1106 4142 cartae
1128 4093 1207 4160 infra
1232 4091 1358 4142 nudatae

237 4165 371 4224 testentur,
390 4165 420 4211 ut
439 4161 635 4227 Winicelmann,
655 4161 853 4230 ‘Fenectanpen
875 4177 899 4214 e.
919 4161 953 4212 D.
974 4161 1074 4216 Gesch!
1090 4162 1153 4226 VII,
1167 4180 1197 4229 p.
1210 4163 1271 4227 312,
1291 4177 1318 4214 n.
1331 4162 1356 4214 4.

238 4230 382 4284 adnotavit.
473 4233 501 4300 3)
529 4232 564 4285 de
583 4231 687 4284 'furino
706 4233 807 4284 dieitur
824 4249 842 4282 a
860 4231 980 4284 Iohanne
997 4234 1029 4284 de
1046 4233 1149 4285 Maesia
1166 4237 1189 4284 et
1207 4233 1356 4298 Apaeeari.

237 4302 265 4368 4)
287 4302 388 4354 Milites
405 4303 510 4357 scilicet.
1376 4312 1404 4352 46
