3112 4856
377 302 567 360 IOHANNIS
586 302 833 358 OODAGNELLI
851 301 1033 358 ANNALES
1052 303 1087 360 A.
1103 307 1179 360 1226.

436 494 474 550 13
498 487 565 552 His
588 488 753 572 predictis
778 487 866 551 adde
890 490 1029 551 eentum

497 576 585 640 Oum
608 577 733 660 viginti
757 597 815 640 sex
839 579 874 640 et
897 580 1047 653 eentum,

496 666 542 728 Et
565 665 709 730 habebis
733 664 960 749 conpillatum

497 754 756 837 Numerumque
780 757 1007 838 computatum

537 843 644 907 Istius
667 843 857 908 milleximi.

435 1025 474 1084 14
498 1021 544 1084 Et
568 1042 646 1085 eum
669 1021 737 1084 ista
760 1025 963 1105 gererentur

496 1109 542 1172 Et
565 1110 718 1192 undique
742 1110 950 1188 dicerentur,

497 1198 731 1263 Bononienses
746 1233 791 1240 —
806 1220 885 1261 nam
901 1199 1074 1264 timebant
1090 1233 1133 1241 -

497 1286 683 1351 Civitatem
706 1288 909 1351 muniebant

538 1375 640 1440 Omni
663 1376 881 1441 fortitudine.

434 1559 473 1617 15
498 1555 554 1619 Ad
578 1555 643 1618 hoe
668 1554 790 1631 diuam,
815 1555 897 1638 quid
922 1554 1098 1620 iecerunt:

496 1643 693 1708 Universis²
719 1644 955 1721 iniunxerunt‚

498 1732 545 1796 Ut
569 1732 737 1797 deberent
760 1753 795 1796 se
819 1737 938 1815 aptare

495 1821 542 1884 Et
565 1821 728 1884 deeenter
752 1823 913 1886 decorare

537 1903 686 1986 Armisb,
711 1910 807 1992 equis
831 1910 975 1988 bellicis,

435 2092 474 2148 16
498 2085 575 2150 Hoe
599 2087 811 2171 propositum
837 2088 1005 2153 habentes

495 2177 542 2240 Et
564 2176 662 2240 nullu
685 2177 787 2240 modo
810 2176 1029 2261 frangentes:

497 2265 534 2328 Si
557 2270 687 2349 nuper⁰
715 2265 822 2330 vellet
844 2267 1001 2344 transire,

497 2353 591 2418 *Non
614 2356 875 2439 permitteretur
897 2355 947 2420 ire

536 2444 616 2508 Sine
640 2465 765 2527 magno
789 2444 907 2528 prelio.

433 2628 470 2685 17
498 2622 595 2685 Vidit
619 2625 736 2686 autem
758 2622 955 2704 imperator,

494 2712 747 2775 Thesaurorum
771 2711 975 2788 cumulator,

496 2799 598 2878 Quod
620 2794 802 2882 nequiret‘l
828 2801 862 2862 vi
885 2800 1033 2865 transire

495 2889 636 2970 Neque⁰
665 2891 786 2970 gentes
810 2889 991 2954 convenire

536 2976 580 3039 In
603 2975 773 3041 Cremona
795 2976 904 3040 fatua.

434 3141 473 3198 18
499 3136 605 3199 Iussit
629 3157 710 3219 ergo
735 3136 902 3213 civitatee,

494 3225 690 3290 Lonbardie
715 3229 914 3309 potestates,

495 3315 544 3379 Ut
566 3315 804 3379 tramittereut
827 3315 961 3398 legatos

495 3397 644 3480 Armisf,
669 3405 765 3486 equis
790 3406 989 3486 preparatus

535 3493 591 3557 Ad
614 3493 667 3556 sui
692 3493 909 3576 presentiam.

432 3676 472 3734 19
496 3671 720 3735 Marehexani
743 3670 834 3734 viros
858 3670 984 3735 multos

493 3760 540 3823 Et
562 3759 739 3823 Lonbardi
761 3759 829 3822 ism
854 3759 1026 3843 prefultos

494 3848 772 3912 Transmiserunt
794 3851 879 3911 tune
903 3847 1047 3932 legatos,

494 3937 561 4001 Sed
585 3957 655 4001 non
679 3937 782 4000 armis
806 3940 1016 4020 preparatus,

535 4026 633 4090 Sicut
655 4026 729 4109 ipse
751 4026 909 4090 iusserat.

213 4203 235 4248 a)
253 4201 333 4243 amared.
347 4201 438 4248 H.-Br„·
452 4199 557 4239 Unluersi
571 4210 587 4242 r.
645 4197 669 4249 b)
687 4198 810 4248 emendam
825 4202 848 4237 et
862 4199 912 4241 add.
926 4209 944 4242 e.
1001 4198 1022 4253 e)
1041 4201 1166 4248 amenum,-
1184 4201 1302 4249 imperinm
1317 4211 1335 4242 r,

213 4253 237 4304 d)
251 4256 344 4303 nequire
357 4265 375 4296 c.
415 4253 437 4304 e)
450 4253 531 4294 emend.
545 4253 621 4299 Perta,¹
635 4253 681 4292 Nee
694 4263 712 4296 ο.
752 4253 906 4300 ῡοηιικᾱαυί,’
920 4257 943 4292 et
958 4254 1008 4296 add.
1022 4265 1052 4302 e.,·
1066 4257 1156 4304 paratos
1171 4264 1227 4295 corr.
1242 4253 1335 4301 lua-,5

213 4309 261 4346 vide
278 4309 383 4357 scatentis
395 4307 497 4356 strophae
511 4319 530 4348 v.
538 4307 559 4356 4;
585 4306 648 4354 equis
666 4309 689 4344 et
707 4305 775 4344 armis
794 4332 820 4348 ..
837 4333 842 4345 .
862 4307 977 4355 preparari
994 4308 1119 4356 saepissime
1136 4308 1223 4356 scripsit
1237 4307 1334 4354 eodaqn.
