3118 4840
54 1187 90 1236 -p,
98 1187 145 1228 411.
281 1161 485 1226 *Milleximo
505 1162 726 1246 nonagesimo
746 1162 790 1226 de
809 1183 924 1226 mense
944 1161 1145 1226 Februaniil
1163 1163 1290 1226 sedicio
1308 1159 1379 1268 {353

122 1318 125 1324 ,
174 1273 299 1334 magna
329 1255 405 1315 orta
435 1255 488 1316 est
516 1253 607 1316 inter
630 1250 797 1335 populum
829 1254 865 1315 et
889 1250 1015 1315 milites
1039 1251 1216 1316 Placentie
1240 1272 1290 1316 oo·
1308 1250 1388 1326 naas

123 1371 126 1377 ·
174 1341 314 1405 oaxione
345 1361 469 1424 pugne,
502 1361 568 1423 que
599 1361 639 1405 eo
669 1343 823 1423 tempore
854 1341 959 1404 fiebat
989 1341 1026 1403 in
1056 1344 1149 1404 terra
1172 1361 1289 1419 vacua,

174 1449 239 1511 que
275 1433 349 1493 erat
383 1431 475 1493 inter
511 1429 689 1493 ecelesiam
721 1431 839 1492 sancte
869 1429 978 1492 Mario
1009 1429 1052 1493 de
1081 1429 1224 1513 Templo
1254 1434 1291 1494 et

132 1546 145 1584 e
173 1519 263 1581 viam
287 1538 353 1600 que
376 1519 472 1582 vadit
495 1518 650 1583 Arcaea
690 1519 828 1581 Accidit
850 1518 1056 1580 infortuitol
1083 1538 1173 1593 casu,
1198 1520 1290 1602 quod

173 1606 271 1670 miles
295 1607 434 1690 quidam
453 1607 666 1689 iniquissime
686 1606 879 1690 *pugnabat
898 1627 974 1670 eum
994 1607 1142 1688 quodam
1161 1609 1288 1690 pedite,
1308 1627 1390 1677 *asie

172 1696 223 1758 ita
253 1698 345 1778 quod
373 1718 462 1759 unus
491 1698 535 1760 ab
567 1697 676 1760 altero
707 1695 815 1758 dividi
844 1716 915 1759 nou
944 1698 1091 1778 poterat.
1138 1696 1183 1757 Et
1207 1697 1289 1759 dum

173 1785 221 1847 sio
241 1785 481 1868 prelianentur‚
505 1785 662 1850 videntes
681 1784 873 1868 populares,
897 1785 988 1866 quod
1008 1785 1112 1867 pedes
1130 1785 1288 1850 resistere

172 1873 276 1936 militi
299 1875 438 1939 minime
462 1878 608 1958 poterat,
640 1874 772 1957 lapides
802 1876 838 1938 et
866 1873 980 1936 lutum
1011 1894 1113 1956 super
1142 1872 1288 1936 militem

128 1989 154 2027 ιο
172 1963 390 2045 proiecerunt
420 1968 464 2042 et,
500 1966 592 2047 quod
622 1963 774 2027 deterius
807 1962 887 2038 fuit,
923 1962 1075 2026 fustibus
1106 1955 1283 2025 manibusb

171 2051 283 2134 ipsum
307 2053 459 2135 gnaviter
482 2055 735 2136 percusserunt.
774 2051 941 2115 'Videntes
972 2051 1131 2114 similiter
1160 2050 1287 2114 milites

171 2141 230 2222 qui
259 2141 309 2204 ibi
338 2146 438 2205 erant
468 2143 640 2224 peditem⁰
673 2143 914 2223 percusserunt
947 2142 983 2203 et
1011 2139 1285 2204 verberaverunt.

172 2227 329 2292 Clamore
352 2231 505 2311 undique
534 2231 628 2292 laeto
660 2229 786 2292 milites
810 2247 926 2290 omnes
951 2227 1101 2291 civitatis
1128 2228 1164 2289 in
1188 2231 1287 2310 parte

34 2394 37 2403 Ι
170 2337 241 2378 una
264 2318 464 2399 cougregati
494 2321 528 2380 et
556 2317 738 2400 populares
768 2317 805 2378 in
837 2316 914 2391 alia,
947 2316 1093 2399 prelium
1124 2336 1285 2399 magnum
1380 2356 1382 2360 .

125 2427 152 2466 15
170 2403 263 2466 inter
285 2424 342 2467 eos
366 2407 419 2468 est
441 2405 627 2489 inceptum,
652 2406 743 2487 quod
767 2405 904 2467 duravit
923 2424 1030 2486 usque
1046 2403 1090 2467 ad
1106 2404 1286 2468 obscuram

171 2493 317 2554 noctem.
364 2492 408 2554 In
438 2513 505 2575 quo
535 2493 644 2577 prelio
675 2493 836 2557 obierunt
866 2492 934 2555 duo
970 2493 1012 2557 de
1047 2493 1215 2556 militibus
1251 2499 1285 2558 et

170 2580 240 2642 tres
265 2581 306 2643 de
330 2581 467 2665 populo.
513 2583 636 2646 Altera
660 2583 714 2645 die
745 2602 877 2645 summo
901 2602 1001 2645 mane
1025 2586 1191 2665 oeperunt
1213 2603 1285 2667 pre

169 2667 248 2730 liari
279 2690 338 2752 per
367 2674 477 2734 totam
510 2671 701 2748 civitatem;
738 2675 773 2734 et
805 2691 882 2734 oum
909 2664 1083 2754 [militem]
1108 2671 1284 2748 vidissent,

87 2843 89 2846 Ι
170 2759 262 2839 quod
279 2780 347 2821 non
363 2763 502 2843 possent
517 2761 686 2837 resistere,
711 2769 812 2824 noete
829 2761 989 2825 veniente
1005 2762 1041 2824 et
1057 2760 1112 2824 die
1128 2761 1285 2842 sequenti

123 2871 150 2910 so
170 2846 328 2911 exierunt
351 2850 393 2912 de
417 2849 558 2915 civitate
582 2854 617 2914 et
639 2851 858 2914 intraverunt
880 2870 941 2932 per
965 2853 1077 2913 eastra
1100 2853 1135 2912 et
1154 2850 1231 2912 looa
1249 2862 1285 2915 et

169 2935 268 2999 villas
286 2937 463 3002 districtus
479 2939 666 3003 Placentie.
706 2939 831 3002 Postea
849 2938 1012 3002 conscilio
1032 2939 1283 3002 communicato

169 3027 367 3090 statuerunt
401 3027 539 3102 milites,
575 3031 616 3091 ut
649 3048 766 3092 omnes
801 3028 935 3091 intrent
968 3028 1060 3091 inter
1087 3027 1215 3091 Villam
1248 3031 1283 3091 et

169 3111 301 3177 Canum
326 3119 362 3178 et
384 3137 445 3198 per
467 3117 546 3179 illas
570 3120 695 3199 partes
726 3120 841 3198 preter
863 3116 951 3191 illos,
983 3136 1067 3198 quos
1094 3119 1284 3199 posuerunt

167 3202 203 3264 in
228 3204 383 3266 custodia
407 3205 442 3267 in
467 3205 681 3282 Ronoairolo‚
707 3205 774 3267 XX
798 3205 934 3280 milites,
967 3205 1198 3268 custodientes
1222 3225 1283 3288 per

120 3317 147 3355 as
167 3290 245 3354 illas
274 3295 399 3374 partes,
430 3294 481 3356 ita
511 3295 601 3376 quod
632 3293 749 3356 nullus
779 3295 916 3376 poterat
945 3293 1074 3356 intrare
1105 3293 1282 3357 civitatem

167 3400 230 3443 nee
254 3381 384 3464 aliquid
407 3383 545 3446 trahere
580 3403 643 3446 neo
677 3386 830 3465 portare;
855 3383 907 3445 *et
941 3381 1091 3464 quinque
1125 3382 1279 3463 peditum

165 3472 405 3534 transeuntes⁰
429 3472 632 3553 equitabant
649 3491 757 3552 usque
781 3471 825 3532 ad
849 3473 1005 3552 pontem3
1029 3470 1066 3531 iu
1084 3468 1281 3552 Rivalgario

166 3557 233 3620 XX
254 3559 390 3633 milites,
415 3560 452 3622 iu
468 3561 616 3624 Aroellis
640 3559 708 3622 XX
726 3559 864 3635 milites,
889 3559 948 3641 qui
972 3579 1089 3622 omues
1113 3561 1206 3622 omni
1226 3559 1281 3624 die

68 3679 71 3683 ·
166 3647 368 3728 equitabant
392 3669 499 3730 usque
519 3650 561 3712 ad
582 3649 773 3726 civitatem
799 3650 835 3711 et
850 3649 879 3710 si
893 3647 1116 3711 inveniebant
1132 3648 1282 3731 aliquem

40 3873 42 3880 ,
118 3837 145 3876 30
165 3838 187 3884 a)
200 3837 238 3885 sic,
253 3848 295 3876 non
309 3838 331 3876 in
345 3838 446 3888 fortuito,
461 3842 485 3876 ut
499 3839 545 3880 ald.
555 3839 643 3887 prloree
657 3838 742 3888 habent,
756 3837 891 3876 scabendum
905 3838 1051 3881 asumuntur.
1112 3839 1135 3887 b)
1148 3839 1280 3880 immanibus

165 3890 252 3928 coniecit
266 3891 346 3935 Η,-Βν,
394 3891 415 3941 o)
429 3890 505 3940 pedite
518 3893 585 3930 multo
595 3895 646 3940 post
660 3902 716 3930 corr.
732 3889 818 3940 pedites
832 3901 849 3932 e.
898 3892 920 3939 d)
933 3892 1042 3940 supplete
1055 3903 1096 3934 om.
1110 3904 1127 3936 c.
1182 3891 1202 3943 e)
1216 3903 1281 3942 quae·

165 3944 216 3981 dam
232 3943 312 3982 omissa
326 3955 370 3984 esse
384 3946 495 3984 adnotavit
509 3945 594 3994 Η,-Βν,,
609 3945 646 3994 qui
659 3946 746 3993 sempsit
759 3945 894 3992 quicumque
904 3955 949 3994 pro
963 3945 1069 3994 quinque.

36 4143 37 4155 ,
166 4100 194 4169 1)
212 4103 259 4154 Ex
277 4107 436 4157 narratione
460 4110 577 4171 sequente
602 4107 731 4171 quaedam
755 4113 880 4172 eoeoerptu
905 4105 981 4157 habet
999 4107 1095 4158 Petrus
1119 4107 1150 4159 de
1168 4107 1281 4174 Ripalta

35 4162 38 4261 Ι
74 4202 75 4206 =
165 4173 201 4222 ud
226 4176 602 4241 a.1084,10h.deMusae,
627 4177 774 4243 Muratori,
794 4177 842 4232 SS.
860 4176 941 4241 XVI,
959 4178 1004 4231 ool.
1022 4181 1084 4243 451,
1102 4179 1140 4229 aul
1157 4195 1183 4234 a.
1202 4180 1280 4244 1089,

35 4265 37 4344 q
95 4260 144 4300 eo
165 4250 189 4296 et
207 4245 294 4296 eudem
313 4247 370 4300 Iole.
389 4249 533 4313 Aqazzuri
545 4265 575 4314 p.
589 4250 631 4304 15.
651 4249 687 4298 ad
705 4265 730 4302 u.
745 4250 821 4303 1088.
897 4250 925 4316 2)
947 4249 1070 4302 Nascitur
1087 4249 1153 4316 quid
1171 4251 1213 4303 sit.

35 4361 37 4412 l

218 4349 374 4400 Godagnellus.
1033 4358 1048 4409 1
