3118 4840
180 287 216 340 28
338 282 529 338 IOHANNIS
548 283 793 338 CODAGNELLI
811 283 993 338 ANNALIIS
1011 282 1047 340 A.
1062 287 1139 340 1200.

85 474 162 527 1200.
181 472 316 531 nostros
340 468 505 532 securiter
529 469 740 532 desarmatos
770 471 902 532 stantes
932 473 967 532 et
998 469 1126 533 dictam
1155 471 1295 542 turrem,

182 577 284 639 quarn
307 557 375 619 iam
400 557 603 633 habuerant,
628 557 810 622 fodientes.
858 556 926 636 Qui
949 557 1195 622 Cremonenses
1219 577 1296 620 curn

181 646 340 709 omnibus
375 645 539 728 predictis
573 667 698 730 magno
728 647 881 710 exercitu
910 649 1031 710 contra
1060 650 1195 710 nostros
1226 666 1305 724 our,

78 756 107 804 rs.
118 758 162 798 nc.
180 737 321 798 rerunta
342 738 377 798 et
393 734 540 817 prelium
556 755 635 798 cum
651 735 776 798 nostris
793 737 1047 799 commiserunt.
1084 734 1217 798 *Nostri
1235 734 1296 798 ita-

181 843 247 904 que
281 822 375 886 illico
410 823 520 906 captis
553 824 656 887 armis
689 845 815 908 magna
844 825 879 887 vi
908 844 1024 889 versus
1052 823 1332 888 Cremonensesn

182 915 383 976 currerunta
403 916 439 976 et
463 933 520 976 eos
542 912 580 975 in
602 913 721 995 fugam
746 913 914 977 miserunt
938 933 1045 995 usque
1069 914 1113 976 ad
1137 933 1296 995 magnam

182 1001 326 1064 scleram
350 999 629 1065 Cremonensium
655 1005 690 1066 et
713 1001 949 1066 Parmensium
972 1005 1008 1065 et
1029 1002 1237 1084 Regensium
1262 1005 1296 1064 et

182 1089 328 1154 aliorum
361 1091 547 1153 amicorum
580 1111 709 1154 eorum.
763 1089 831 1169 Qui
865 1111 982 1154 omnes
1015 1094 1136 1154 contra
1162 1092 1296 1153 nostros

181 1182 367 1255 venerunt;
393 1179 452 1243 sed
476 1180 586 1242 nostri
607 1179 655 1244 eis
671 1179 829 1244 resistere
845 1201 915 1243 non
931 1183 1136 1262 potuerunt;
1162 1182 1197 1243 et
1211 1182 1296 1242 tunc

181 1272 346 1350 ceperunt
377 1269 419 1331 de
449 1269 575 1331 nostris
597 1269 701 1331 XXX
724 1268 852 1332 milites
882 1272 917 1332 et
940 1269 1031 1332 circa
1055 1267 1140 1331 CCL
1163 1268 1296 1352 pedites
1317 1291 1342 1328 ιο

181 1357 223 1420 de
247 1356 419 1420 civitate1.

76 1467 160 1515 ‚septu
287 1444 392 1509 MCC.
416 1449 539 1528 quarto
563 1446 618 1510 die
643 1447 767 1510 mensis
791 1446 1002 1529 Septembris
1021 1445 1296 1510 Mediolanenses

181 1555 258 1598 cum
283 1535 416 1598 carocio
447 1538 482 1598 et
512 1556 591 1598 curn
613 1535 883 1599 Novariensibus
906 1540 941 1598 et
960 1534 1238 1599 Vercellensibus
1261 1538 1296 1598 et

180 1623 423 1687 Alexandrinis
453 1624 671 1688 intraverunt
697 1625 735 1686 in
758 1624 971 1689 Lomelinam
1002 1628 1037 1688 et
1064 1626 1237 1688 steterunt
1260 1625 1297 1686 in

181 1733 222 1776 ea
245 1712 335 1775 circa
357 1712 423 1776 XV
447 1712 529 1790 dies,
561 1717 596 1776 et
626 1717 791 1798 oeperunt
822 1716 858 1777 et
888 1713 1132 1777 destruxerunt
1162 1716 1197 1776 et
1221 1734 1296 1776 con·
1316 1735 1341 1773 n

181 1801 348 1864 buserunt
369 1800 572 1864 Mortariam
596 1806 631 1866 et
647 1795 727 1865 LVb
748 1801 824 1865 loca
848 1802 890 1866 de
914 1801 1112 1865 melioribus
1136 1805 1172 1865 et
1195 1801 1296 1864 maio-

180 1890 274 1953 ribus
298 1890 485 1953 Lomeline.

62 2001 161 2049 same,
287 1976 392 2054 MCC,
423 1979 613 2042 indictione
646 1979 740 2055 111⁰,
772 1980 827 2043 die
857 1980 954 2043 Lune
982 1979 1107 2042 XIIII.
1131 1978 1210 2042 Kal.
1236 1978 1296 2043 Oc·

179 2067 291 2131 tubris
317 2066 561 2131 Cremonenses
591 2070 627 2132 et
650 2068 854 2132 Parmexani
884 2071 987 2151 atque
1017 2069 1231 2132 Mutinenses
1262 2070 1297 2131 et

179 2156 307 2220 Bezani
338 2159 373 2220 et
404 2156 647 2239 Pergamenses
676 2157 894 2221 intraverunt
923 2158 960 2219 in
990 2159 1193 2220 commitatu
1221 2156 1296 2219 Pla·
1315 2181 1342 2218 20

180 2245 303 2320 centia
328 2245 491 2310 videlicet
513 2246 551 2308 in
573 2246 729 2330 partibus
753 2246 872 2310 Sancti
895 2246 1084 2309 Laurentii.
1129 2244 1196 2324 Qui
1220 2245 1296 2309 Cre-

180 2355 359 2398 monenses
382 2335 419 2397 in
442 2336 590 2418 quadam
605 2335 695 2399 valle
717 2335 879 2418 privatim
895 2338 1026 2399 stantes
1043 2356 1121 2398 curn
1137 2334 1295 2398 omnibus

180 2423 354 2506 predictis,
386 2424 536 2507 exceptis
559 2423 811 2500 Parmensibus,
843 2445 927 2507 quos
951 2425 995 2487 ad
1019 2423 1294 2489 conburrendurn

179 2512 297 2574 villam
329 2513 447 2576 Sancti
477 2513 657 2577 Laurentii
686 2513 863 2576 miserunt.
917 2513 994 2577 Hoc
1025 2513 1163 2595 cognito
1194 2517 1229 2576 et
1258 2513 1295 2576 in

179 2602 326 2665 veritate
349 2602 446 2678 scite,
471 2604 506 2666 et
529 2602 633 2666 etiam
657 2602 729 2666 viso
753 2602 833 2685 igne
849 2623 869 2665 a
885 2602 1096 2666 Placentinis
1115 2600 1294 2675 militibus,
1314 2625 1340 2664 25

180 2691 239 2772 qui
274 2691 366 2773 apud
401 2691 615 2754 Pontanam2
647 2690 892 2755 Cremonenses
927 2691 1165 2774 expectabant,
1201 2690 1295 2754 illico

180 2778 264 2842 illuc
295 2781 496 2843 currerunta
524 2783 559 2843 et
589 2780 795 2844 invenerunt
819 2779 1019 2843 Parmenses
1049 2781 1147 2842 iuxta
1176 2778 1294 2843 villam

181 2867 300 2930 Sancti
315 2868 494 2930 Laurentii
517 2871 664 2944 stantes;
690 2869 771 2950 qui3
794 2870 915 2932 contra
938 2889 995 2932 eos
1018 2890 1143 2950 magna
1165 2869 1200 2930 vi
1224 2888 1295 2931 cur-

180 2960 320 3018 rerunt³
340 2958 376 3020 et
394 2958 436 3020 de
456 2956 504 3019 eis
524 2960 689 3040 ceperunt
702 2958 775 3021 fere
795 2961 935 3020 centum
954 2957 1090 3034 milites,
1111 2957 1197 3020 alios
1215 2977 1294 3020 vero

179 3045 389 3126 fugaverunt
418 3065 526 3128 usque
556 3047 600 3108 ad
630 3046 745 3109 locum
774 3046 834 3109 ubi
858 3044 1103 3110 Cremonenses
1133 3047 1293 3120 aderant;
1314 3072 1340 3112 ro

180 3134 239 3216 qui
270 3137 390 3197 contra
419 3138 554 3197 nostros
584 3155 710 3217 magno
740 3135 872 3218 impetu
896 3139 1144 3199 concurrerunt
1174 3138 1209 3198 et
1236 3154 1294 3197 eos

179 3223 216 3284 in
245 3223 364 3305 fugam
396 3223 563 3287 miserunt
594 3227 629 3288 et
659 3227 825 3307 ceperunt
856 3225 898 3288 de
929 3224 977 3287 eis
1001 3224 1092 3288 circa
1115 3224 1143 3286 L
1166 3224 1294 3288 milites

77 3337 125 3376 *ιτ
142 3338 159 3377 a.
180 3311 230 3375 *et
246 3311 457 3386 Parmenses,
474 3333 558 3394 quos
573 3312 769 3377 Placentini
785 3316 956 3396 ceperant,
973 3314 1263 3396 recuperaverunt
1271 3313 1293 3390 4,

180 3403 332 3484 exceptis
356 3401 465 3479 XXV,
489 3423 574 3484 quos
596 3402 792 3466 Placentini
816 3403 989 3466 duxerunt
1012 3401 1236 3465 Placentiam.

179 3549 201 3596 a)
214 3549 245 3586 etr
259 3548 281 3587 n.
294 3549 309 3590 l.
320 3559 337 3587 c.
387 3547 411 3599 b)
424 3548 485 3589 XXV
496 3549 560 3592 Galo.
569 3549 680 3598 Flamma,
692 3549 776 3598 Marrip.
788 3560 807 3590 o.
819 3549 866 3598 233,
878 3553 897 3587 et
909 3549 989 3590 Cicron
1002 3549 1074 3587 maine
1082 3560 1109 3597 p.
1117 3548 1164 3597 747,
1176 3549 1213 3598 qui
1220 3549 1295 3597 potius
1313 3553 1338 3592 ³5

178 3611 291 3639 nnmernm
305 3603 401 3642 aunneet
414 3613 480 3652 quam
493 3602 610 3645 minuisset.
663 3602 684 3652 c)
698 3606 750 3642 nota
763 3603 899 3642 indictionem
913 3606 1009 3653 coeptam
1024 3613 1038 3640 a
1052 3603 1109 3651 Sept.
1120 3602 1152 3644 24.

180 3718 207 3784 1)
237 3716 278 3781 Cf.
306 3718 377 3770 Ann.
405 3718 533 3784 Cromen„
563 3718 672 3770 steorte
698 3718 788 3782 Cron„
816 3720 887 3771 Ann.
913 3718 1021 3772 Medici.
1048 3720 1163 3770 minores
1186 3736 1213 3786 p.
1228 3721 1292 3785 3973
1395 3769 1399 3776 ,

178 3787 236 3842 Ion.
253 3789 284 3840 de
299 3788 400 3840 Maeote
417 3805 450 3842 ex
468 3789 613 3841 annalibus
624 3789 788 3841 Placentinis
805 3789 965 3856 deperditis:
983 3787 1090 3841 Ilodem
1109 3805 1180 3841 anno
1200 3789 1293 3858 (1200)

178 3857 332 3912 Placentini
350 3858 515 3912 obsederunt
532 3859 630 3912 turrim
649 3858 744 3913 Sancti
759 3858 880 3926 Andree,
899 3861 928 3912 et
946 3858 1011 3911 durn
1030 3858 1059 3912 in
1077 3859 1135 3926 ipse
1154 3859 1293 3913 obsidione

178 3931 291 3997 starent,
312 3929 413 3983 milites
432 3929 574 3995 Cremona,
600 3929 648 3998 qui
665 3929 814 3984 veniebant
832 3946 847 3983 a
866 3929 993 3998 Soncino,
1018 3929 1150 3984 insultum
1169 3929 1294 3984 fecerunt
1312 3949 1338 3986 40

177 4017 260 4068 super
277 4000 452 4055 Placentinos
470 4005 498 4054 et
517 4005 648 4071 ceperunt
667 4018 701 4054 ex
719 4001 784 4068 ipsis
802 3999 996 4055 ultraDCIrX,
1027 4000 1065 4054 ut
1083 4006 1149 4054 tunc
1168 4002 1294 4054 dominus
1349 4053 1351 4058 .

178 4069 270 4125 Guido
298 4073 332 4126 de
363 4071 505 4126 Mandello
533 4072 567 4126 de
591 4072 751 4126 Mediolano
779 4076 838 4125 eret
865 4075 984 4140 potestas
1010 4071 1158 4140 Placentie,
1185 4075 1232 4140 qui
1253 4073 1294 4126 ibi

178 4146 273 4210 captus
285 4143 345 4199 fuit.
373 4143 489 4198 struae
501 4143 650 4212 Papienses
662 4143 871 4197 combusserunt
882 4142 1129 4212 Burgum-novum.
1181 4148 1209 4212 2)
1228 4145 1294 4196 Fri-

176 4215 276 4281 pieton.
360 4217 387 4283 3)
410 4217 565 4270 Placentini.
649 4217 677 4286 4)
704 4216 775 4267 Bene
792 4231 850 4266 cnm
868 4215 918 4267 tac
935 4215 1064 4267 relatione
1083 4217 1156 4270 Ann.
1174 4216 1293 4269 Cromen.

177 4288 351 4348 concordant
368 4290 402 4352 ef.
419 4288 476 4342 Ich.
495 4287 526 4340 de
544 4288 646 4338 Macris
664 4287 681 4341 l.
698 4286 729 4348 i.;
748 4286 805 4340 Ich.
819 4288 960 4352 Apnzzart
972 4301 1002 4352 p.
1015 4289 1058 4340 20.
1311 4303 1337 4341 45
