3118 4840
257 261 274 314 2
416 256 607 313 IOHANNIS
626 257 872 314 OODAGNELLI
891 257 1072 313 ANNALns
1090 258 1126 315 A.
1141 263 1218 317 1090.

161 449 238 502 1090.
258 444 453 527 portantem
477 440 608 523 aliquid
638 441 675 504 in
704 441 888 518 civitatem,
920 441 1164 507 abstulebant⁸
1191 445 1239 508 eis
1270 445 1373 509 boves

156 551 239 601 aaa
258 533 293 596 et
315 533 429 595 totum
453 530 543 612 quod
568 529 763 614 portabant,
788 532 824 593 et
848 531 952 593 etiam
978 529 1113 595 *manus
1138 535 1173 596 et
1196 534 1300 616 pedes
1325 534 1373 596 eis

167 641 239 685 oar.
257 619 467 683 incidebant.
513 618 560 681 Et
588 619 639 681 ita
667 621 839 682 steterunt
868 639 976 702 usque
1007 621 1050 683 ad
1081 623 1237 685 octavam
1262 622 1370 686 sanct'

257 707 448 772 Michaelis.
483 707 717 790 Percipientes
734 710 849 771 autem
867 707 1049 791 populares
1062 729 1177 774 carere
1189 710 1372 787 victualiis,

258 796 421 861 conscilio
456 795 576 859 habito
611 799 809 860 statuenmt
847 796 938 860 exire
975 797 1163 874 civitatem,
1202 799 1371 864 dicentes:
1401 821 1413 860 s
1502 800 1504 804 ’
1543 825 1545 852 1

260 884 395 949 ‘Melius
430 887 483 949 est
516 885 603 947 mori
636 884 673 947 in
707 884 799 948 bello
838 906 941 967 quam
974 887 1090 951 videre
1125 887 1373 952 desolationem

258 978 411 1039 nostram
434 975 470 1037 et
491 973 585 1037 fame
608 972 740 1056 perire’.
779 973 826 1035 Et
842 977 1004 1038 exeuntes
1021 975 1063 1039 de
1080 976 1220 1040 civitate
1236 977 1373 1041 iverunt

258 1064 302 1128 ad
325 1062 443 1126 villam
468 1061 588 1125 Sancti
606 1060 746 1144 Georgii
769 1064 805 1126 et
826 1062 922 1126 illam
948 1063 1189 1142 conbuserunt,
1214 1065 1373 1130 similiter

258 1151 374 1216 villam
407 1150 592 1233 Carpeneti
622 1153 657 1214 et
687 1149 889 1214 Castrucani
919 1155 954 1216 et
985 1151 1075 1216 Iuda
1104 1157 1141 1217 et
1176 1153 1269 1217 Oarii
1298 1175 1373 1219 con-

259 1242 435 1305 buserunt.
488 1239 532 1302 Elt
562 1240 644 1302 dum
674 1239 737 1304 hec
768 1243 961 1323 agerentur,
993 1241 1120 1307 milites
1150 1263 1267 1307 omnes
1299 1263 1373 1308 oon·
1394 1266 1418 1304 10

259 1330 394 1412 gregati
418 1349 495 1392 oum
519 1329 612 1392 omni
643 1329 794 1392 exercitu
825 1349 952 1406 eorum,
984 1331 1140 1414 peditum
1172 1336 1207 1395 et
1235 1332 1374 1414 sagitta-

259 1419 396 1493 riorum,
429 1437 489 1499 per
520 1421 634 1500 partes
659 1416 856 1481 Corneliani
887 1421 921 1482 et
944 1419 1080 1483 Ronchi
1109 1424 1144 1484 et
1166 1420 1374 1484 Vicoiustini

260 1511 296 1571 et
325 1507 360 1570 in
391 1506 461 1569 illis
492 1506 647 1588 partibus
677 1506 753 1570 loca
784 1510 820 1570 et
849 1507 948 1570 villas
982 1507 1122 1572 illarum
1152 1511 1302 1593 partium
1337 1511 1373 1572 in

260 1598 427 1678 quantum
443 1598 604 1678 poterant
620 1595 865 1659 defendebant.
900 1596 1087 1680 Populares
1103 1618 1183 1662 vero
1199 1599 1243 1662 ad
1259 1603 1374 1682 partes

260 1683 463 1748 Trabaciani
485 1683 552 1747 iter
576 1704 693 1748 eorum
718 1684 916 1748 direxerunt
939 1689 974 1749 et
993 1685 1107 1749 locum
1128 1686 1229 1750 illum
1250 1688 1374 1750 conbu·
1395 1708 1419 1747 rs

261 1776 380 1837 serunt
403 1775 439 1836 et
461 1772 684 1835 obsiderunta
710 1775 795 1836 tunc
819 1777 979 1850 castrum,
1010 1775 1138 1857 inquo
1162 1779 1261 1838 erant
1284 1777 1375 1838 circa

261 1862 385 1944 viginti
419 1861 547 1924 milites
582 1881 659 1924 curn
695 1861 900 1943 quibusdam
935 1862 1011 1925 aliis
1050 1862 1093 1927 de
1128 1864 1303 1938 societate,
1339 1866 1375 1929 et

261 1950 539 2014 Monteiaconum
580 1953 616 2012 et
650 1949 855 2032 Predugiam
894 1956 1187 2034 expugnaverunt.
1246 1952 1375 2033 Cogno-

261 2042 394 2103 scentes
423 2058 503 2102 vero
534 2031 681 2102 militesb
716 2037 897 2123 populares
927 2039 1030 2121 longo
1059 2044 1229 2104 terrarum
1259 2042 1374 2125 spacio

262 2151 281 2192 a
305 2128 445 2192 civitate
468 2127 655 2198 recessisse,
680 2147 797 2190 omnes
821 2128 946 2190 armati
960 2132 996 2191 et
1012 2128 1171 2192 aselerati
1188 2149 1264 2192 curn
1282 2130 1375 2192 omni
1394 2150 1419 2188 20

261 2218 364 2280 turba
387 2216 547 2291 militurn,
576 2216 732 2298 peditum
756 2218 791 2279 et
815 2217 1070 2299 sagittariorum
1094 2218 1307 2282 velocissime
1331 2218 1375 2281 ad

263 2307 438 2370 civitatem
462 2305 565 2369 celeri
590 2305 699 2388 gradu
723 2307 909 2381 currentes,
933 2305 1045 2368 ianuis
1069 2307 1197 2389 apertis
1213 2308 1249 2369 in
1265 2308 1372 2391 ipsam

262 2396 488 2471 intraverunt,
520 2394 691 2457 neminem
722 2395 936 2458 invenientes
966 2395 1001 2457 in
1033 2416 1074 2458 ea
1104 2399 1218 2478 preter
1249 2396 1375 2459 milites

263 2487 298 2548 et
321 2483 486 2566 quosdam
510 2483 673 2566 captivos,
698 2484 816 2565 quiin
841 2483 924 2547 urbe
947 2488 1191 2561 remanserant,
1218 2488 1252 2549 et
1271 2486 1375 2548 habu·

263 2574 365 2636 erunt
395 2572 570 2635 civitatem
601 2575 637 2635 et
667 2593 707 2635 ea
737 2573 852 2635 omnia
881 2593 946 2655 que
976 2573 1012 2635 in
1042 2573 1116 2655 ipsa
1143 2577 1252 2638 erant.
1299 2573 1376 2637 Hoc
1394 2594 1420 2632 a

263 2661 383 2724 audito
407 2680 427 2723 a
450 2658 683 2743 popularibus,
715 2664 822 2724 meste
851 2661 993 2737 turbati,
1028 2662 1162 2744 ingenti
1193 2662 1309 2726 dolore
1340 2665 1376 2725 et

158 2769 187 2812 ⁸.
239 2749 406 2813 tristitia
442 2750 612 2826 commoti,
647 2749 854 2812 festinanter
888 2750 932 2811 ad
965 2750 1086 2813 urbem
1120 2752 1297 2815 redierunt
1326 2749 1377 2813 *et

263 2838 430 2921 hospitati
460 2838 604 2901 fuerunt
633 2858 738 2919 prope
768 2837 947 2901 ecclesiam
976 2840 1088 2903 sancti
1111 2839 1231 2902 Lazari
1241 2840 1261 2901 1.
1308 2839 1376 2903 Sed

265 2926 391 2990 milites
422 2927 480 3007 qui
510 2929 749 2989 remanserunt
778 2929 875 2989 extra
898 2926 1074 2991 civitatem
1097 2929 1295 3009 gravissime
1319 2948 1376 2992 eos

263 3015 486 3092 infestabant,
522 3014 573 3077 ita
602 3014 693 3096 quod
722 3018 909 3078 mercatum
946 3015 1072 3080 habere
1104 3038 1174 3080 non
1204 3018 1375 3099 poterant.
1396 3039 1422 3077 ao

265 3103 418 3186 Cumque
443 3105 520 3167 acta
544 3103 607 3167 hec
630 3103 788 3178 fuissent,
814 3105 940 3167 accidit
960 3105 1075 3168 divino
1098 3106 1236 3182 iudicio,
1261 3107 1376 3169 volun·

263 3196 337 3256 tate
361 3192 491 3256 domini
514 3192 623 3255 nostri
647 3192 726 3256 Iesu
747 3192 885 3270 Christi,
909 3214 930 3256 a
953 3214 1019 3276 quo
1044 3198 1169 3262 cuncta
1191 3195 1282 3258 bona
1306 3214 1377 3278 pro·

265 3283 402 3358 cedunt,
439 3284 474 3345 et
508 3282 580 3345 sine
615 3303 682 3364 quo
716 3282 767 3344 nil
801 3283 876 3346 fieri
909 3284 1054 3366 potesne,
1088 3283 1216 3346 milites
1252 3283 1377 3347 comoti

264 3371 497 3435 misericordia
513 3373 548 3434 et
563 3371 704 3454 pietate,
725 3376 970 3454 cognoscentes
986 3373 1175 3453 nequitiam
1192 3377 1227 3436 et
1245 3374 1377 3436 demen-

263 3460 350 3523 tiam
380 3481 507 3533 eorum‚
537 3462 712 3541 gementes
743 3463 778 3522 et
811 3460 985 3542 plorantes
1010 3463 1045 3523 et
1068 3461 1273 3525 lacrimabili
1295 3481 1377 3524 voce
1397 3480 1423 3520 ss

265 3548 435 3613 dicentes:
462 3548 552 3625 ‘Pax‚
581 3547 673 3631 paxl'
699 3546 865 3611 Similiter
896 3548 1078 3631 populares
1109 3550 1312 3631 plangentes
1343 3552 1378 3612 et

264 3640 405 3721 pectora
434 3658 551 3700 eorum
581 3634 740 3698 manibus
769 3637 1015 3720 percucientes,
1049 3645 1292 3720 cognoscentes
1324 3657 1378 3700 ne-

264 3726 409 3808 quitiam
433 3728 468 3789 et
492 3725 680 3788 stultitiam
709 3744 836 3800 eorum,
868 3725 940 3786 alta
963 3745 1045 3788 voce
1076 3726 1252 3789 dicebant:
1287 3725 1377 3800 ‘Pam

248 3814 358 3898 paxl’
384 3815 429 3876 lit
453 3814 604 3877 exientes
628 3811 755 3875 milites
784 3814 825 3876 de
850 3814 1000 3888 civitate,
1033 3818 1153 3878 euntes
1177 3833 1293 3876 versus
1323 3833 1378 3896 po-

265 3902 385 3986 pulum
410 3902 605 3987 plangendo
629 3905 664 3964 et
688 3902 865 3983 gemendo,
888 3902 981 3966 inter
1003 3923 1038 3966 se
1062 3904 1105 3965 ad
1124 3903 1270 3966 invicem
1287 3901 1380 3983 cepit
1397 3922 1426 3961 ro

230 4107 232 4110 Ι
266 4059 288 4107 a)
301 4059 332 4097 cic
346 4069 363 4100 c.
416 4058 439 4104 b)
454 4061 477 4096 et
491 4057 541 4099 add.
555 4068 572 4098 c.

268 4183 294 4249 1)
316 4182 403 4234 Silam
427 4181 463 4232 ad
486 4182 557 4232 viam
575 4182 720 4234 Aemiliam
738 4180 809 4246 (San
826 4182 952 4234 chzaro
970 4181 1110 4242 alberoni)
1135 4181 1186 4253 2¹s,
1207 4183 1259 4237 lem.
1279 4200 1297 4234 α
1316 4184 1380 4235 Pla·

266 4255 357 4308 centia.
430 4254 458 4320 2)
481 4253 522 4317 Of.
543 4253 587 4306 (Ν,
600 4252 708 4304 Archias
727 4252 808 4318 XVI,
824 4271 852 4321 p.
865 4256 918 4308 292
937 4269 974 4320 sq.
