3118 4840
215 295 250 349 99
326 289 516 346 IOHANNIS
534 287 982 346 99999999919999999
1000 290 1035 347 A.
1050 293 1128 348 1199.
1149 294 1226 349 1200.

120 483 197 536 1199.
217 497 335 542 eorum
364 475 491 540 amicis.
538 475 582 538 In
611 473 740 539 auxilio
770 473 937 557 quorum1
966 475 1110 539 fuerunt
1133 476 1333 541 Parmenses

217 569 253 630 et
275 565 521 648 Pergamenses
551 567 587 629 et
617 583 736 628 omnes
765 563 826 627 alii
856 583 973 628 eorum
1005 564 1117 628 amici.
1163 564 1230 629 Die
1252 585 1332 630 vero

110 677 196 719 earo.
217 654 362 730 sabbati,
387 653 483 716 XVI.
507 652 563 717 die
586 652 740 717 eiusdem
763 652 889 717 mensis
905 652 1180 718 Mediolanenses
1203 657 1239 720 et
1259 653 1333 718 Pla-

217 743 347 808 centini
371 745 407 807 et
429 741 627 806 Laudenses
650 746 687 805 et
710 739 896 806 Oumenses
924 744 960 806 99
983 741 1111 806 milites
1136 742 1251 808 Brixie
1272 740 1334 826 qui

217 831 266 896 ibi
288 831 433 895 aderant
456 831 547 894 circa
568 829 658 893 illud
681 832 832 894 castrum
856 834 893 894 99
914 831 1083 895 fossatum
1105 832 1334 897 consederunt
1357 851 1370 888 s

217 923 253 985 et
275 920 434 984 fecerunt
456 919 506 984 ibi
529 939 718 1002 manganos
741 922 777 983 et
796 919 971 1002 predarias
987 919 1126 996 (1919999,
1151 923 1275 1005 pontes
1291 921 1334 984 de

217 1009 333 1092 gradis
356 1009 406 1074 ibi
428 1008 503 1073 fleri
532 1009 701 1084 iecerunt,
736 1028 822 1090 quos
851 1008 1025 1074 debebant
1056 1009 1209 1093 proicere
1232 1030 1335 1094 super

217 1099 402 1174 fossatum
427 1097 614 1162 credebant
637 1098 727 1161 enim
744 1099 780 1162 99
799 1097 985 1179 sperabant
1000 1117 1103 1181 snper
1117 1098 1196 1162 illos
1212 1101 1334 1182 pontes

218 1207 280 1272 per
307 1187 376 1251 vim
404 1187 500 1250 intus
528 1185 617 1249 illud
646 1186 815 1250 fossatum
846 1206 945 1269 posse
976 1187 1118 1251 intrare.
1165 1187 1231 1252 Die
1254 1207 1334 1252 vero

218 1276 390 1340 dominico
417 1275 571 1359 proximo
595 1274 870 1340 Mediolanenses
900 1275 943 1340 ab
973 1296 1044 1339 uno
1074 1276 1188 1359 capite
1218 1297 1335 1340 versus
1354 1295 1380 1333 ιο

219 1367 368 1429 castrum
393 1368 663 1448 preparaverunt
686 1384 722 1428 99
746 1364 789 1427 ad
809 1363 940 1429 bellum
956 1368 992 1428 et
1008 1385 1169 1449 magnum
1187 1365 1332 1450 prelium

219 1475 298 1518 cum
322 1453 608 1518 Cremonensibus
631 1454 807 1529 fecerunt;
839 1456 875 1518 99
905 1453 1043 1517 duravit
1074 1453 1164 1517 illud
1187 1455 1335 1540 prelium

219 1543 262 1606 ab
300 1543 385 1607 hora
422 1543 527 1607 tertia
557 1543 630 1606 fere
660 1562 769 1624 usque
800 1542 845 1605 ad
874 1561 1049 1626 vesperam
1085 1546 1121 1606 et
1150 1542 1229 1606 illos
1259 1541 1335 1608 Ore·

219 1651 398 1695 monenses
422 1651 524 1716 super
547 1631 691 1696 cariolas
715 1634 750 1695 99
767 1631 981 1695 bertreschas
1004 1631 1041 1694 in
1063 1631 1140 1716 ripa
1161 1632 1284 1696 fossati
1300 1635 1335 1696 99

219 1721 313 1784 19999
337 1723 469 1785 9999999
493 1741 569 1784 cnm
594 1719 713 1803 pilotis
736 1724 772 1783 et
796 1719 978 1802 lapidibus,
1004 1721 1184 1803 manganis
1208 1724 1244 1785 et
1264 1741 1335 1804 pre·
1355 1737 1380 1776 1⁶

219 1810 324 1873 dariis
340 1809 609 1873 vulneraverunt
632 1811 668 1872 99
690 1808 932 1891 lapidavenmt
950 1812 986 1873 99
1005 1811 1333 1889 manganaverunt2;

115 1922 145 1965 r.
181 1927 200 1963 ι.
221 1901 256 1962 99
278 1898 389 1981 prima
410 1897 494 1974 vice,
519 1918 587 1980 qua
605 1897 764 1980 predaria
779 1896 1060 1961 Placentinorum
1080 1898 1210 1975 *999919
1233 1899 1336 1963 inter-

220 1987 305 2050 fecit
328 1986 500 2069 quendam
527 1986 673 2050 militem
697 1986 828 2050 Parme.
868 1986 1034 2052 Videntes
1058 1987 1149 2051 enim
1172 1987 1336 2052 Mediola-

221 2095 343 2140 nenses
373 2078 409 2139 99
431 2075 626 2139 Placentini
655 2075 747 2157 quod
776 2074 978 2159 inceperant
1001 2077 1044 2139 ad
1069 2078 1172 2142 finem
1196 2079 1337 2160 propter

221 2165 473 2249 gravitudinem
511 2165 674 2248 temporis
709 2166 745 2228 99
779 2185 867 2248 aque
901 2165 1088 2248 perducere
1122 2186 1193 2230 non
1251 2185 1334 2241 osse,
1355 2183 1382 2221 2⁰

222 2254 362 2318 oolectis
386 2253 545 2318 omnibus
568 2253 724 2337 gratibus
748 2256 783 2317 99
806 2253 970 2337 pontibus
994 2257 1029 2318 99
1048 2188 1336 2338 999999119999119

116 2367 159 2408 oa.
171 2369 202 2410 18,
221 2338 313 2425 quic]
331 2336 395 2406 abb
415 2343 490 2426 ipso
505 2343 615 2426 prelio
629 2343 802 2406 vulnerati
819 2343 973 2419 fuerunt,
998 2343 1053 2407 die
1070 2343 1167 2408 Lune
1183 2344 1336 2426 proximo

221 2452 338 2496 omnes
361 2435 443 2496 sunt
465 2433 592 2497 reversi
615 2433 754 2495 domum
765 2431 786 2493 ³.

116 2545 203 2589 caro.
326 2520 625 2597 MOLXXXXIX,
656 2521 846 2585 indictione
876 2521 945 2597 III,
982 2521 1037 2584 die
1067 2520 1203 2585 sabbati
1231 2522 1336 2584 tertio

221 2612 303 2674 ante
333 2609 412 2673 Kal.
443 2609 647 2674 Novembris
682 2613 832 2673 castrum
862 2608 1004 2673 Pontnli
1038 2609 1108 2672 fnit
1142 2614 1282 2693 captum
1317 2629 1383 2674 a2⁵

221 2697 443 2774 Placentinis,
466 2699 653 2763 tenebatur
677 2699 768 2762 enim
792 2719 812 2761 a
835 2698 1087 2763 Parmensibns.

117 2770 202 2880 {3323
328 2786 648 2863 9999999994,
679 2787 968 2864 indictionem,
1001 2788 1056 2852 uie
1087 2787 1179 2851 iovis
1213 2791 1336 2870 quareo

222 2875 348 2940 mensis
371 2876 481 2939 Madii
503 2875 778 2940 Mediolanenses
808 2896 884 2938 cum
917 2876 1050 2939 oarocio
1084 2880 1119 2940 et
1143 2898 1220 2940 oum
1244 2878 1337 2940 omni

222 2965 352 3028 virtute
382 2985 499 3028 eorum
529 2966 667 3028 iverunt
697 2965 742 3028 ad
770 2969 901 3028 turrem
932 2965 974 3029 de
998 2964 1131 3047 Besago
1155 2968 1191 3030 et
1214 2970 1338 3030 castra·

223 3053 368 3118 mentati
392 3054 537 3117 fuerunt
560 3054 650 3117 circa
672 3053 782 3136 ipsam
804 3057 935 3117 turrem
955 3053 1028 3118 sine
1045 3054 1204 3118 omnibus
1220 3076 1338 3119 eorum
1356 3075 1384 3113 ao

223 3143 350 3219 amicis,
387 3146 422 3206 99
457 3162 532 3207 eam
567 3142 787 3206 obsiderunt⁰
823 3146 858 3206 ct
887 3147 1184 3226 manganaverunt
1219 3148 1339 3208 contra

106 3256 203 3298 uerno.
223 3232 349 3296 malam
382 3231 598 3296 voluntatem
628 3231 864 3315 Papiensinm;
901 3233 957 3297 die
987 3233 1151 3297 Mercurii
1184 3234 1338 3315 proximo

223 3317 451 3404 sequentis⁶·⁵
465 3321 573 3404 ipsam
589 3324 719 3385 turrem
732 3340 858 3404 magna
869 3321 903 3384 vi
915 3325 1081 3405 ceperunt
1094 3324 1129 3385 99
1142 3320 1338 3385 habuerunt

222 3412 259 3474 in
283 3431 323 3475 ea
344 3415 440 3474 turre
464 3413 604 3474 centum
634 3410 789 3474 homines
813 3410 919 3495 Papie
947 3410 1033 3475 bene
1064 3412 1223 3487 armatos,
1253 3430 1338 3492 9999

223 3582 454 3634 9)((991919919999.
482 3581 506 3630 b)
520 3583 548 3622 ab
562 3583 682 3630 delendum,
697 3583 730 3622 ecl
743 3583 767 3622 19
776 3583 926 3632 corripendum
935 3583 1026 3625 9199999.
1067 3586 1088 3629 9)
1101 3583 1159 3626 9199.
1201 3581 1224 3631 (1)
1238 3583 1339 3632 sequenti
1359 3580 1384 3620 39

223 3637 379 3675 emendandum
393 3646 437 3675 esse
449 3636 541 3688 viderur,
555 3637 592 3674 sed
605 3636 633 3683 cf.
643 3636 711 3686 1947,
726 3637 740 3678 l.
751 3636 783 3678 29,

225 3781 251 3846 l)
273 3778 495 3831 Cremonensium.
577 3780 606 3845 2)
625 3778 834 3831 Mediolanenses
852 3785 874 3830 et
892 3780 957 3830 9999·
974 3795 1070 3832 eoram⁸
1159 3780 1187 3846 3)
1205 3779 1247 3842 Cf.
1265 3780 1338 3832 Ana.

223 3850 330 3905 Mediol.
356 3851 471 3901 minores
494 3867 520 3917 p.
534 3853 606 3915 3973·
628 3850 700 3902 Ano.
727 3849 862 3916 Orenon.;
889 3850 998 3902 Sr'cordi
1020 3850 1114 3916 Croa.‚·
1140 3867 1207 3916 9999
1232 3850 1289 3904 Iole.
1308 3851 1339 3902 de

223 3920 461 3976 919999999497.
480 3921 573 3973 hebd:
591 3919 674 3973 Anno
693 3918 794 3972 Christi
806 3919 963 3976 MOXOIX.
978 3919 1133 3975 Placentini
1151 3937 1214 3974 curn
1232 3918 1338 3973 Medio-

223 3991 378 4044 lanensibus
403 3994 432 4044 99
449 3989 637 4044 laudensibus
662 4008 725 4044 cum
749 3991 878 4044 carrociis
897 4008 992 4044 eorum
1014 3991 1124 4045 iverunt
1149 3991 1184 4044 ad
1202 3991 1339 4044 Castrum·
1357 4007 1384 4045 (9

223 4079 325 4116 novum
337 4063 407 4116 buce
416 4061 499 4114 Adue
512 4065 540 4115 et
551 4061 636 4115 nichil
648 4062 774 4116 facerunt
785 4070 852 4116 certe
863 4079 917 4116 aon
929 4079 962 4116 err
975 4063 1021 4116 999
1034 4063 1087 4116 loco
1100 4065 1237 4130 eccerpad,
1250 4065 1296 4115 scd
1306 4079 1340 4115 ea·

223 4134 367 4187 99999999
383 4134 547 4186 Placentinis
564 4135 708 4202 deperditis
725 4137 874 4201 eoemripsd.
928 4135 957 4201 4)
973 4131 1057 4188 Mod.
1077 4135 1269 4187 emendandum
1287 4150 1340 4186 esee

224 4212 337 4273 apparet
361 4207 417 4256 idm
441 4221 475 4258 99
499 4205 641 4258 indictione
659 4206 715 4258 ΙΙΙ.
805 4207 832 4272 5)
855 4205 978 4258 Eandem
1001 4206 1070 4256 diem
1094 4205 1190 4258 999999
1208 4206 1293 4257 Notae
1311 4205 1338 4258 S.

226 4278 337 4343 Georpie'
352 4277 459 4330 Mediol.
473 4294 503 4344 p.
516 4278 578 4332 387.
