3112 4856
321 306 324 314 ι
365 267 555 324 IOHANNIS
573 269 820 325 consensum
837 271 1017 326 ANNALES
1036 273 1071 328 A.
1086 275 1164 333 1228.
1185 276 1263 330 1229.
1338 276 1373 330 89

360 452 426 517 Die
457 473 536 517 vero
566 453 664 517 Lnne
694 454 738 516 X.
768 454 847 518 Kal.
881 455 1093 532 Novembris,
1130 475 1208 519 cum
1240 455 1373 520 Cremo·
1393 429 1482 542 ἓξὲξ,

252 561 391 618 nenses,
437 541 638 606 Parmenses
677 545 713 607 et
750 543 965 608 Mutinenses
1003 545 1048 607 ad
1087 544 1370 609 conbustionema

254 593 432 694 cuiusdam
456 629 836 696 10011B0n0niensium
862 633 1040 709 redissent
1065 633 1295 717 percipientes
1313 633 1374 696 Bo-

252 719 434 784 nonienses
459 719 588 783 milites
611 721 740 798 etalii,
765 721 884 804 quiin
909 742 1026 786 eorum
1048 723 1201 786 exercitu
1217 722 1372 796 aderant,

215 831 230 870 s
252 808 344 872 inter
373 828 500 872 nonam
533 811 569 872 et
598 829 757 892 vesperas
780 810 904 874 armati
929 814 964 875 et
988 810 1148 875 asclerati
1171 831 1289 874 versus
1312 811 1373 874 ini·

254 897 358 960 micos
383 898 578 980 equitantes
602 900 638 962 et
655 899 824 982 impetum
840 918 943 982 super
959 920 1016 964 eos
1032 899 1179 969 viriliter
1194 900 1372 976 facientes,

252 985 400 1069 prelium
431 1007 594 1070 magnum
625 990 661 1050 et
690 987 943 1070 iniquissimum
970 988 1173 1072 incipitur²;
1205 989 1374 1072 preliatur

253 1077 288 1138 et
304 1078 458 1140 certatur
473 1076 672 1159 gravissime
688 1076 731 1140 ab
747 1080 894 1160 utraque
910 1080 1024 1160 parte;
1050 1077 1153 1140 multi
1169 1098 1210 1142 ex
1226 1082 1373 1160 utraque

252 1167 350 1247 parte
375 1168 457 1228 sunt
481 1165 583 1248 capti,
609 1167 645 1228 et
668 1186 710 1229 ex
726 1164 1015 1232 Cremonensibus
1039 1170 1075 1231 et
1093 1167 1314 1232 Parmexanis
1337 1170 1373 1232 et

207 1275 235 1313 ιο
252 1252 510 1317 Mutinensibus
544 1253 813 1319 innumerabiles
852 1258 934 1318 sunt
973 1255 1156 1331 vulnerati,
1196 1258 1232 1319 et
1269 1277 1372 1339 quam

140 1365 232 1414 aas.
252 1341 368 1425 plures
399 1341 478 1406 *viri
509 1341 641 1406 nobiles
672 1346 707 1407 et
737 1346 896 1427 potentes
926 1344 1043 1428 gladio
1073 1348 1155 1408 sunt
1183 1345 1371 1419 interfecti,

252 1432 379 1495 mortui
403 1434 440 1495 ct
454 1430 598 1515 sepulti;
623 1434 716 1514 quod
740 1431 868 1496 bellum
892 1454 1001 1516 usque
1024 1436 1069 1496 ad
1092 1436 1235 1517 primam
1261 1435 1373 1498 noctis

252 1519 407 1603 vigiliam
442 1520 590 1584 duravit.
642 1521 755 1585 Nocte
789 1541 869 1585 vero
903 1522 1064 1586 veniente
1098 1523 1259 1605 *utraque
1293 1543 1372 1607 pars
1391 1550 1482 1597 asa.

252 1609 447 1673 voluntarie
477 1609 649 1673 secessit³.
703 1610 825 1674 Altera
858 1629 938 1674 vero
974 1610 1030 1674 die
1060 1610 1306 1676 Cremonenses
1337 1616 1373 1676 et
1391 1639 1436 1682 aa
1445 1641 1478 1678 n.

207 1720 234 1759 rs
252 1697 454 1763 Parmenses
484 1698 528 1761 ad
559 1699 703 1782 propria
726 1699 915 1763 redierunt.
970 1699 1203 1764 Bononienses
1233 1701 1372 1783 quidem

252 1788 344 1869 quod
367 1787 570 1871 inceperant
598 1788 644 1850 ad
667 1788 798 1851 exitum
822 1787 1009 1871 perducere
1033 1788 1198 1868 volentes
1229 1790 1274 1852 ad
1300 1811 1372 1872 pre·

252 1876 337 1940 dicti
360 1876 427 1940 loci
444 1876 658 1942 obsidionem
681 1877 808 1942 reversi
830 1877 1005 1954 fuerunt*
1029 1870 1139 1941 illudb
1156 1877 1262 1942 etiam
1278 1899 1371 1943 more

252 1965 354 2029 solito
385 1986 463 2028 curn
494 1966 674 2050 manganis
704 1969 740 2030 et
763 1966 930 2049 predariis
954 1970 990 2031 et
1013 1967 1090 2030 aliis
1114 1967 1282 2031 machinis
1306 1967 1372 2030 for·

251 2053 334 2119 titer
357 2059 644 2138 expugnaverunt
674 2058 778 2138 atque
809 2077 871 2140 per
899 2060 1071 2120 terrarum
1095 2076 1258 2121 cavernas
1282 2056 1370 2119 muri

205 2165 234 2204 so
252 2143 405 2208 eiusdem
429 2144 497 2208 loci
519 2144 750 2208 fundamenta
780 2144 971 2209 diruerunt.
1020 2145 1199 2209 Steterunt
1223 2166 1370 2228 namque

250 2232 286 2294 in
317 2232 425 2316 ipsius
455 2233 560 2296 castri
589 2232 767 2296 obsidione
797 2254 905 2315 usque
932 2234 977 2297 ad
1000 2233 1105 2297 XIII.
1130 2234 1221 2297 diem
1244 2234 1370 2297 mensis
1391 2261 1489 2304 uara.

251 2320 492 2394 Novembris⁵;
528 2341 595 2403 quo
625 2325 775 2404 peracto,
811 2322 1045 2386 discensione⁰
1079 2322 1214 2404 ingenti
1243 2323 1280 2384 in
1309 2322 1370 2385 Bo·

251 2409 354 2472 nonie
378 2409 712 2492 popularibus-orta,
743 2411 878 2473 insania
902 2431 1037 2493 quoque
1060 2410 1194 2493 repleti,
1229 2405 1367 2494 [quodi]

251 2517 330 2580 sepe
360 2497 397 2559 in
426 2497 539 2581 sepius
569 2499 607 2560 in
636 2498 720 2582 ipsis
750 2499 932 2563 accedere⁸
968 2500 1195 2583 cognoscitur,
1231 2500 1370 2583 publice

205 2608 232 2647 ss
251 2586 405 2650 dicentes
435 2591 577 2670 propter
605 2587 712 2670 yemis
743 2591 778 2651 et
808 2588 973 2671 temporis
1003 2589 1208 2672 gravitatem
1235 2589 1370 2652 ineius

251 2675 319 2739 loci
343 2675 522 2740 obsidione
550 2679 641 2739 stare
672 2696 783 2758 neque
812 2697 1013 2760 permanere
1036 2697 1144 2760 posse,
1171 2680 1291 2741 contra
1314 2699 1369 2762 po-

250 2765 387 2828 testatis
412 2764 591 2829 Βοηοηὶθ6
614 2768 815 2849 preceptum
840 2767 979 2829 domum
1002 2766 1190 2830 redierunt.

356 2853 488 2918 Eodem
521 2857 677 2938 tempore
712 2857 748 2918 et
786 2855 850 2919 sub
889 2856 1009 2920 eadem
1047 2855 1285 2920 incarnatione
1326 2857 1368 2919 de
1388 2868 1466 2922 1229.

250 2963 365 3006 mense
389 2943 568 3008 Februarii
592 2944 751 3007 dominus
775 2943 974 3014 Guiiredus,
1005 2945 1159 3009 Romane
1183 2945 1276 3010 curie
1300 2966 1368 3009 car·
1387 2975 1451 3014 rar.

201 3053 231 3092 so
250 3031 385 3108 dinalis,
401 3032 438 3094 in
454 3032 651 3097 Loubardia
666 3032 813 3116 legatus,
831 3034 986 3117 precepit
1001 3034 1233 3116 potestatibus
1249 3037 1284 3098 et
1299 3055 1368 3098 rec-

247 3120 382 3184 toribus
411 3121 681 3204 uniuscuiusque
713 3123 864 3186 civitatis
894 3123 1090 3187 Lonbardie
1120 3123 1296 3187 societatis
1326 3143 1368 3186 ex

248 3292 271 3343 s)
285 3293 394 3341 leaenam
409 3295 621 3344 estaconbusrione,
635 3296 655 3333 si
665 3306 713 3334 vere
726 3295 822 3342 osdayn,
833 3295 987 3336 socnarrava.
1029 3295 1052 3341 b)
1065 3296 1120 3336 sice.
1129 3299 1224 3342 etsupre
1234 3295 1300 3344 25⁰,
1310 3295 1324 3336 l.
1333 3296 1366 3334 20.

247 3349 269 3394 c)
282 3348 337 3388 sice.
377 3346 816 3397 unumunurnom.c.;que11.-13r.
852 3345 1211 3398 e)sice.;ct.‘MArehiv'XVI‚
1222 3349 1367 3398 p.502,n.5.

251 3471 276 3534 1)
295 3471 427 3522 Piumetii
442 3475 533 3537 castri,
552 3473 622 3540 qaod
641 3472 694 3526 Oet.
708 3475 749 3528 14.
768 3478 874 3539 capium
894 3489 947 3526 esse
964 3474 1035 3528 Ana.
1055 3478 1102 3526 eet.
1118 3472 1217 3524 Maiis.
1235 3474 1366 3537 referent.

203 3561 230 3602 as
248 3543 275 3609 2)
292 3542 337 3593 Ad
355 3542 383 3596 S.
396 3544 566 3595 Leoaardam
580 3559 667 3612 prope
684 3544 712 3598 S.
726 3545 847 3596 Mariam
865 3546 896 3596 in
914 3545 1017 3600 Strato.
1072 3547 1099 3612 3)
1117 3545 1159 3608 Os.
1178 3560 1264 3612 supra
1282 3561 1308 3611 p.
1323 3547 1366 3608 51,

247 3629 274 3666 a.
297 3617 320 3667 1
363 3614 512 3678 Inferiores
535 3615 712 3668 Bononieases
736 3616 883 3668 caecasse
907 3631 961 3668 non
985 3617 1061 3669 modo
1084 3617 1158 3668 Ana.
1184 3616 1275 3674 Perm
1301 3618 1365 3670 mai

248 3689 271 3734 et
296 3684 416 3740 Cremna.
442 3687 572 3750 reserant,
598 3688 643 3739 sed
667 3689 747 3739 etiam
769 3687 927 3753 Tolosanus,
954 3690 1003 3755 qui
1024 3693 1129 3756 partem
1154 3687 1366 3739 Faventinorum

246 3756 362 3807 studiose
384 3762 481 3823 tuder,
506 3758 653 3824 conflatur,
679 3764 703 3809 et
720 3761 792 3812 Aac.
810 3759 915 3834 Veron„
940 3758 989 3813 SS.
1010 3759 1088 3823 XIX,
1113 3762 1177 3826 p.,7
1197 3760 1364 3824 confirmant.

248 3826 290 3891 Cf.
311 3833 452 3892 praeterea
470 3829 531 3882 Alb.
551 3828 652 3881 Milioli
674 3830 734 3883 Lib
753 3829 785 3880 de
809 3813 892 3898 temp.
905 3833 1006 3897 c.;230
1031 3796 1118 3882 Maiis.
1137 3830 1168 3882 de
1192 3830 1366 3895 Griffenibus

201 3917 230 3955 40
246 3903 270 3948 et
294 3897 382 3953 ‘Cion
408 3900 439 3950 di
463 3899 601 3966 Bolseno,
626 3901 774 3966 Muraenae,
800 3900 849 3954 SS.
875 3900 907 3952 X
911 3901 987 3967 VIII
1013 3901 1062 3953 col.
1083 3903 1141 3956 110
1167 3903 1233 3966 255;
1266 3900 1364 3956 Ghrea.

246 3968 355 4033 Mutia„
373 3971 409 4022 ib.
428 3969 492 4035 XV,
510 3971 558 4023 eol
570 3939 631 4027 559.
732 3971 761 4038 4)
778 3972 888 4038 Aliquot
905 3973 1004 4036 diebus,
1019 3979 1163 4039 postquam
1181 3972 1266 4023 honus
1284 3988 1366 4024 reces-

246 4045 346 4106 serunt,
367 4047 396 4092 ut
415 4047 438 4092 et
460 4042 611 4094 Toleranda
628 4043 778 4107 confirmet.
833 4043 860 4109 5)
877 4044 956 4096 Necte
973 4010 1041 4097 Nbe.
1055 4044 1153 4112 ralla.
1173 4058 1214 4095 ees
1230 4046 1366 4095 recessisse

245 4111 368 4174 referunt
387 4113 457 4167 Ana.
477 4120 523 4167 vet,
542 4115 656 4175 Mutin.,·
680 4120 751 4166 nocte
768 4114 835 4168 Noe.
854 4117 952 4183 laus.
978 4117 1107 4168 maiorem
1128 4121 1235 4182 pariam
1260 4113 1364 4179 abiisse,

241 4197 343 4304 Ilaedm
361 4183 434 4236 breta
449 4190 563 4250 tempore
580 4187 740 4238 remansisse
757 4186 822 4237 dicit
838 4186 995 4240 Tolosanus.
1052 4185 1078 4254 6)
1101 4185 1192 4238 Uberti
1204 4185 1365 4238 Viceeemiiis

200 4271 228 4311 ss
307 4254 458 4309 ioleaeasis.
